@article{DBLP:journals/siamcomp/PeikertW11,
  author    = {Chris Peikert and
               Brent Waters},
  title     = {Lossy Trapdoor Functions and Their Applications},
  journal   = {{SIAM} J. Comput.},
  volume    = {40},
  number    = {6},
  pages     = {1803--1844},
  year      = {2011}
}


@article{DBLP:journals/joc/FullerOR15,
  author    = {Benjamin Fuller and
               Adam O'Neill and
               Leonid Reyzin},
  title     = {A Unified Approach to Deterministic Encryption: New Constructions
               and a Connection to Computational Entropy},
  journal   = {J. Cryptology},
  volume    = {28},
  number    = {3},
  pages     = {671--717},
  year      = {2015}
}



@article{DBLP:journals/joc/BrakerskiS14,
  author    = {Zvika Brakerski and
               Gil Segev},
  title     = {Better Security for Deterministic Public-Key Encryption: The Auxiliary-Input
               Setting},
  journal   = {J. Cryptology},
  volume    = {27},
  number    = {2},
  pages     = {210--247},
  year      = {2014}
}


@inproceedings{DBLP:conf/crypto/BoldyrevaFO08,
  author    = {Alexandra Boldyreva and
               Serge Fehr and
               Adam O'Neill},
  title     = {On Notions of Security for Deterministic Encryption, and Efficient
               Constructions without Random Oracles},
  booktitle = {Advances in Cryptology - {CRYPTO} 2008, 28th Annual International
               Cryptology Conference, Santa Barbara, CA, USA, August 17-21, 2008.
               Proceedings},
  pages     = {335--359},
  year      = {2008}
}



@inproceedings{DBLP:conf/crypto/BellareFOR08,
  author    = {Mihir Bellare and
               Marc Fischlin and
               Adam O'Neill and
               Thomas Ristenpart},
  title     = {Deterministic Encryption: Definitional Equivalences and Constructions
               without Random Oracles},
  booktitle = {Advances in Cryptology - {CRYPTO} 2008, 28th Annual International
               Cryptology Conference, Santa Barbara, CA, USA, August 17-21, 2008.
               Proceedings},
  pages     = {360--378},
  year      = {2008}
}


@inproceedings{DBLP:conf/crypto/BellareBO07,
  author    = {Mihir Bellare and
               Alexandra Boldyreva and
               Adam O'Neill},
  title     = {Deterministic and Efficiently Searchable Encryption},
  booktitle = {Advances in Cryptology - {CRYPTO} 2007, 27th Annual International
               Cryptology Conference, Santa Barbara, CA, USA, August 19-23, 2007,
               Proceedings},
  pages     = {535--552},
  year      = {2007}
}


@inproceedings{DBLP:conf/stoc/DodisKL09,
  author    = {Yevgeniy Dodis and
               Yael Tauman Kalai and
               Shachar Lovett},
  title     = {On cryptography with auxiliary input},
  booktitle = {Proceedings of the 41st Annual {ACM} Symposium on Theory of Computing,
               {STOC} 2009, Bethesda, MD, USA, May 31 - June 2, 2009},
  pages     = {621--630},
  year      = {2009}
}

@inproceedings{DBLP:conf/pkc/CashGH12,
  author    = {David Cash and
               Matthew Green and
               Susan Hohenberger},
  title     = {New Definitions and Separations for Circular Security},
  booktitle = {Public Key Cryptography - {PKC} 2012 - 15th International Conference
               on Practice and Theory in Public Key Cryptography, Darmstadt, Germany,
               May 21-23, 2012. Proceedings},
  pages     = {540--557},
  year      = {2012}
}

@inproceedings{DBLP:conf/eurocrypt/MalkinTY11,
  author    = {Tal Malkin and
               Isamu Teranishi and
               Moti Yung},
  title     = {Efficient Circuit-Size Independent Public Key Encryption with {KDM}
               Security},
  booktitle = {Advances in Cryptology - {EUROCRYPT} 2011 - 30th Annual International
               Conference on the Theory and Applications of Cryptographic Techniques,
               Tallinn, Estonia, May 15-19, 2011. Proceedings},
  pages     = {507--526},
  year      = {2011}
}

@inproceedings{DBLP:conf/tcc/Rothblum13,
  author    = {Ron Rothblum},
  title     = {On the Circular Security of Bit-Encryption},
  booktitle = {{TCC}},
  pages     = {579--598},
  year      = {2013}
}

@article{DBLP:journals/iacr/KoppulaRW13,
  author    = {Venkata Koppula and
               Kim Ramchen and
               Brent Waters},
  title     = {Separations in Circular Security for Arbitrary Length Key Cycles},
  journal   = {{IACR} Cryptology ePrint Archive},
  volume    = {2013},
  pages     = {683},
  year      = {2013}
}



@article{DBLP:journals/jacm/KearnsV94,
  author    = {Michael J. Kearns and
               Leslie G. Valiant},
  title     = {Cryptographic Limitations on Learning Boolean Formulae and Finite
               Automata},
  journal   = {J. {ACM}},
  volume    = {41},
  number    = {1},
  pages     = {67--95},
  year      = {1994}
}

@inproceedings{DBLP:conf/tcc/Brakerski13,
  author    = {Zvika Brakerski},
  title     = {When Homomorphism Becomes a Liability},
  booktitle = {{TCC}},
  pages     = {143--161},
  year      = {2013}
}

@inproceedings{DBLP:conf/focs/KushilevitzO97,
  author    = {Eyal Kushilevitz and
               Rafail Ostrovsky},
  title     = {Replication is {NOT} Needed: {SINGLE} Database, Computationally-Private
               Information Retrieval},
  booktitle = {38th Annual Symposium on Foundations of Computer Science, {FOCS} '97,
               Miami Beach, Florida, USA, October 19-22, 1997},
  pages     = {364--373},
  year      = {1997}
}



@inproceedings{DBLP:conf/crypto/DucasM14,
  author    = {L{\'{e}}o Ducas and
               Daniele Micciancio},
  title     = {Improved Short Lattice Signatures in the Standard Model},
  booktitle = {Advances in Cryptology - {CRYPTO} 2014 - 34th Annual Cryptology Conference,
               Santa Barbara, CA, USA, August 17-21, 2014, Proceedings, Part {I}},
  year      = {2014},
  pages     = {335--352}
}

@article{bohl2013confined,
  title={Confined guessing: New signatures from standard assumptions},
  author={B{\"o}hl, Florian and Hofheinz, Dennis and Jager, Tibor and Koch, Jessica and Striecks, Christoph},
  journal={Journal of Cryptology},
  pages={1--33},
  year={2014},
  publisher={Springer}
}

@misc{cryptoeprint:2014:882,
    author = {Ran Canetti and Huijia Lin and Stefano Tessaro and Vinod Vaikuntanathan},
    title = {Obfuscation of Probabilistic Circuits and Applications},
    howpublished = {Cryptology ePrint Archive, Report 2014/882},
    year = {2014},
    note = {\url{http://eprint.iacr.org/}},
}
@misc{cryptoeprint:2014:975,
    author = {Jean-Sebastien Coron and Tancrede Lepoint and Mehdi Tibouchi},
    title = {Cryptanalysis of Two Candidate Fixes of Multilinear Maps over the Integers},
    howpublished = {Cryptology ePrint Archive, Report 2014/975},
    year = {2014},
    note = {\url{http://eprint.iacr.org/}},
}
@misc{cryptoeprint:2014:930,
    author = {Dan Boneh and David J. Wu and Joe Zimmerman},
    title = {Immunizing Multilinear Maps Against Zeroizing Attacks},
    howpublished = {Cryptology ePrint Archive, Report 2014/930},
    year = {2014},
    note = {\url{http://eprint.iacr.org/}},
}

@misc{cryptoeprint:2014:906,
    author = {Jung Hee Cheon and Kyoohyung Han and Changmin Lee and Hansol Ryu and Damien Stehle},
    title = {Cryptanalysis of the Multilinear Map over the Integers},
    howpublished = {Cryptology ePrint Archive, Report 2014/906},
    year = {2014},
    note = {\url{http://eprint.iacr.org/}},
}

@misc{cryptoeprint:2014:929,
    author = {Craig Gentry and Shai Halevi and Hemanta K. Maji and Amit Sahai},
    title = {Zeroizing  without  zeroes: Cryptanalyzing multilinear maps without encodings of zero},
    howpublished = {Cryptology ePrint Archive, Report 2014/929},
    year = {2014},
    note = {\url{http://eprint.iacr.org/}},
}

@inproceedings{DBLP:conf/eurocrypt/BohlHJKSS13,
  author    = {Florian B{\"{o}}hl and
               Dennis Hofheinz and
               Tibor Jager and
               Jessica Koch and
               Jae Hong Seo and
               Christoph Striecks},
  title     = {Practical Signatures from Standard Assumptions},
  booktitle = {Advances in Cryptology - {EUROCRYPT} 2013, 32nd Annual International
               Conference on the Theory and Applications of Cryptographic Techniques,
               Athens, Greece, May 26-30, 2013. Proceedings},
  year      = 2013,
  pages     = {461--485}
}


@inproceedings{DBLP:conf/innovations/BrakerskiV14,
  author    = {Zvika Brakerski and
               Vinod Vaikuntanathan},
  title     = {Lattice-based {FHE} as secure as {PKE}},
  booktitle = {Innovations in Theoretical Computer Science, ITCS'14, Princeton, NJ,
               USA, January 12-14, 2014},
  year      = 2014,
  pages     = {1--12},
}

@Misc{cryptoeprint:2012:142,
  author       = {David Galindo and Javier Herranz and Jorge Villar},
  title	       = {Identity-Based Encryption with Master Key-Dependent
                  Message Security and Applications},
  howpublished = {Cryptology ePrint Archive, Report 2012/142},
  year	       = 2012,
  note	       = {\url{http://eprint.iacr.org/}}
}


@Misc{banerjee11:_sprint,
  author       = {Abhishek Banerjee and Noa {Ben-Zvi} and Chris
                  Peikert and Alon Rosen},
  title	       = {{SPRINT}: Efficient Pseudorandomness via Rounded
                  Integer Products},
  year	       = 2011,
  note	       = {Manuscript}
}

@Misc{cryptoeprint:2011:454,
  author       = {Steven Myers and Mona Sergi and {abhi} {shelat}},
  title	       = {Threshold Fully Homomorphic Encryption and Secure
                  Computation},
  howpublished = {Cryptology ePrint Archive, Report 2011/454},
  year	       = 2011,
  note	       = {\url{http://eprint.iacr.org/}}
}

@Misc{cryptoeprint:2011:066,
  author       = {Markus Duermuth and David Mandell Freeman},
  title	       = {Deniable Encryption with Negligible Detection
                  Probability: An Interactive Construction},
  howpublished = {Cryptology ePrint Archive, Report 2011/066},
  year	       = 2011,
  note	       = {\url{http://eprint.iacr.org/}}
}

@InProceedings{DBLP:conf/eurocrypt/BellareKPW12,
  author       = {Mihir Bellare and Eike Kiltz and Chris Peikert and
                  Brent Waters},
  title	       = {Identity-Based (Lossy) Trapdoor Functions and
                  Applications},
  booktitle    = {EUROCRYPT},
  year	       = 2012,
  pages	       = {228-245}
}

@InProceedings{DBLP:conf/eurocrypt/Hofheinz12,
  author       = {Dennis Hofheinz},
  title	       = {All-But-Many Lossy Trapdoor Functions},
  booktitle    = {EUROCRYPT},
  year	       = 2012,
  pages	       = {209-227}
}

@InProceedings{DBLP:conf/asiacrypt/BendlinNNO11,
  author       = {Rikke Bendlin and Jesper Buus Nielsen and Peter
                  Sebastian Nordholt and Claudio Orlandi},
  title	       = {Lower and Upper Bounds for Deniable Public-Key
                  Encryption},
  booktitle    = {ASIACRYPT},
  year	       = 2011,
  pages	       = {125-142}
}

@InProceedings{DBLP:conf/asiacrypt/HemenwayLOV11,
  author       = {Brett Hemenway and Benoit Libert and Rafail
                  Ostrovsky and Damien Vergnaud},
  title	       = {Lossy Encryption: Constructions from General
                  Assumptions and Efficient Selective Opening Chosen
                  Ciphertext Security},
  booktitle    = {ASIACRYPT},
  year	       = 2011
}

@InProceedings{DBLP:conf/asiacrypt/AgrawalFV11,
  author       = {Shweta Agrawal and David Mandell Freeman and Vinod
                  Vaikuntanathan},
  title	       = {Functional Encryption for Inner Product Predicates
                  from Learning with Errors},
  booktitle    = {ASIACRYPT},
  year	       = 2011,
  note	       = {To appear}
}

@InProceedings{DBLP:conf/crypto/ONeillPW11,
  author       = {Adam O'Neill and Chris Peikert and Brent Waters},
  title	       = {Bi-Deniable Public-Key Encryption},
  booktitle    = {CRYPTO},
  year	       = 2011,
  pages	       = {525-542}
}

@InProceedings{DBLP:conf/crypto/AsharovLR11,
  author       = {Gilad Asharov and Yehuda Lindell and Tal Rabin},
  title	       = {Perfectly-Secure Multiplication for Any {\it $<$
                  n}/3},
  booktitle    = {CRYPTO},
  year	       = 2011,
  pages	       = {240-258}
}

@InProceedings{DBLP:conf/icalp/AroraG11,
  author       = {Sanjeev Arora and Rong Ge},
  title	       = {New Algorithms for Learning in Presence of Errors},
  booktitle    = {ICALP (1)},
  year	       = 2011,
  pages	       = {403-415}
}

@InProceedings{DBLP:conf/eurocrypt/KiltzPCJV11,
  author       = {Eike Kiltz and Krzysztof Pietrzak and David Cash and
                  Abhishek Jain and Daniele Venturi},
  title	       = {Efficient Authentication from Hard Learning
                  Problems},
  booktitle    = {EUROCRYPT},
  year	       = 2011,
  pages	       = {7-26}
}

@InProceedings{DBLP:conf/eurocrypt/Applebaum11,
  author       = {Benny Applebaum},
  title	       = {Key-Dependent Message Security: Generic
                  Amplification and Completeness},
  booktitle    = {EUROCRYPT},
  year	       = 2011,
  pages	       = {527-546}
}

@InProceedings{DBLP:conf/eurocrypt/MalkinTY11,
  author       = {Tal Malkin and Isamu Teranishi and Moti Yung},
  title	       = {Efficient Circuit-Size Independent Public Key
                  Encryption with {KDM} Security},
  booktitle    = {EUROCRYPT},
  year	       = 2011,
  pages	       = {507-526}
}

@InProceedings{DBLP:conf/eurocrypt/DurmuthF11,
  author       = {Markus D{\"u}rmuth and David Mandell Freeman},
  title	       = {Deniable Encryption with Negligible Detection
                  Probability: An Interactive Construction},
  booktitle    = {EUROCRYPT},
  year	       = 2011,
  pages	       = {610-626}
}

@InProceedings{DBLP:conf/eurocrypt/BonehF11,
  author       = {Dan Boneh and David Mandell Freeman},
  title	       = {Homomorphic Signatures for Polynomial Functions},
  booktitle    = {EUROCRYPT},
  year	       = 2011,
  pages	       = {149-168}
}

@InProceedings{DBLP:conf/pkc/BonehF11,
  author       = {Dan Boneh and David Mandell Freeman},
  title	       = {Linearly Homomorphic Signatures over Binary Fields
                  and New Tools for Lattice-Based Signatures},
  booktitle    = {Public Key Cryptography},
  year	       = 2011,
  pages	       = {1-16}
}

@InProceedings{DBLP:conf/tcc/BellareWY11,
  author       = {Mihir Bellare and Brent Waters and Scott Yilek},
  title	       = {Identity-Based Encryption Secure against Selective
                  Opening Attack},
  booktitle    = {TCC},
  year	       = 2011,
  pages	       = {235-252}
}

@InProceedings{DBLP:conf/tcc/BrakerskiGK11,
  author       = {Zvika Brakerski and Shafi Goldwasser and Yael Tauman
                  Kalai},
  title	       = {Black-Box Circular-Secure Encryption beyond Affine
                  Functions},
  booktitle    = {TCC},
  year	       = 2011,
  pages	       = {201-218}
}

@Article{DBLP:journals/joc/KatzSS10,
  author       = {Jonathan Katz and Ji Sun Shin and Adam Smith},
  title	       = {Parallel and Concurrent Security of the {HB} and
                  {HB}$^{\mbox{+}}$ Protocols},
  journal      = {J. Cryptology},
  volume       = 23,
  number       = 3,
  year	       = 2010,
  pages	       = {402-421},
  note	       = {Preliminary version in Eurocrypt 2006},
  prelimyear   = 2006
}

@InProceedings{DBLP:conf/crypto/BrakerskiG10,
  author       = {Zvika Brakerski and Shafi Goldwasser},
  title	       = {Circular and Leakage Resilient Public-Key Encryption
                  under Subgroup Indistinguishability - (or: Quadratic
                  Residuosity Strikes Back)},
  booktitle    = {CRYPTO},
  year	       = 2010,
  pages	       = {1-20}
}

@InProceedings{DBLP:conf/ccs/BonehMR10,
  author       = {Dan Boneh and Hart William Montgomery and Ananth
                  Raghunathan},
  title	       = {Algebraic pseudorandom functions with improved
                  efficiency from the augmented cascade},
  booktitle    = {ACM Conference on Computer and Communications
                  Security},
  year	       = 2010,
  pages	       = {131-140}
}

@InProceedings{DBLP:conf/eurocrypt/BarakHHI10,
  author       = {Boaz Barak and Iftach Haitner and Dennis Hofheinz
                  and Yuval Ishai},
  title	       = {Bounded Key-Dependent Message Security},
  booktitle    = {EUROCRYPT},
  year	       = 2010,
  pages	       = {423-444}
}

@InProceedings{DBLP:conf/eurocrypt/DijkGHV10,
  author       = {Marten van Dijk and Craig Gentry and Shai Halevi and
                  Vinod Vaikuntanathan},
  title	       = {Fully Homomorphic Encryption over the Integers},
  booktitle    = {EUROCRYPT},
  year	       = 2010,
  pages	       = {24-43}
}

@InProceedings{DBLP:conf/eurocrypt/KiltzMO10,
  author       = {Eike Kiltz and Payman Mohassel and Adam O'Neill},
  title	       = {Adaptive Trapdoor Functions and Chosen-Ciphertext
                  Security},
  booktitle    = {EUROCRYPT},
  year	       = 2010,
  pages	       = {673-692}
}

@InProceedings{DBLP:conf/eurocrypt/AlwenDNSWW10,
  author       = {Jo{\"e}l Alwen and Yevgeniy Dodis and Moni Naor and
                  Gil Segev and Shabsi Walfish and Daniel Wichs},
  title	       = {Public-Key Encryption in the Bounded-Retrieval
                  Model},
  booktitle    = {EUROCRYPT},
  year	       = 2010,
  pages	       = {113-134}
}

@InProceedings{DBLP:conf/tcc/LyubashevskyPS10,
  author       = {Vadim Lyubashevsky and Adriana Palacio and Gil
                  Segev},
  title	       = {Public-Key Cryptographic Primitives Provably as
                  Secure as Subset Sum},
  booktitle    = {TCC},
  year	       = 2010,
  pages	       = {382-400}
}

@InProceedings{DBLP:conf/tcc/AbdallaBN10,
  author       = {Michel Abdalla and Mihir Bellare and Gregory Neven},
  title	       = {Robust Encryption},
  booktitle    = {TCC},
  year	       = 2010,
  pages	       = {480-497}
}
                  
@InProceedings{DBLP:conf/tcc/DodisGKPV10,
  author       = {Yevgeniy Dodis and Shafi Goldwasser and Yael Tauman
                  Kalai and Chris Peikert and Vinod Vaikuntanathan},
  title	       = {Public-Key Encryption Schemes with Auxiliary Inputs},
  booktitle    = {TCC},
  year	       = 2010,
  pages	       = {361-381}
}

@InProceedings{DBLP:conf/ccs/LewkoW09,
  author       = {Allison B. Lewko and Brent Waters},
  title	       = {Efficient pseudorandom functions from the decisional
                  linear assumption and weaker variants},
  booktitle    = {ACM Conference on Computer and Communications
                  Security},
  year	       = 2009,
  pages	       = {112-120}
}

@InProceedings{DBLP:conf/asiacrypt/ChoiDMW09,
  author       = {Seung Geol Choi and Dana Dachman-Soled and Tal
                  Malkin and Hoeteck Wee},
  title	       = {Improved Non-committing Encryption with Applications
                  to Adaptively Secure Protocols},
  booktitle    = {ASIACRYPT},
  year	       = 2009,
  pages	       = {287-302}
}

@InProceedings{DBLP:conf/crypto/GarayWZ09,
  author       = {Juan A. Garay and Daniel Wichs and Hong-Sheng Zhou},
  title	       = {Somewhat Non-committing Encryption and Efficient
                  Adaptively Secure Oblivious Transfer},
  booktitle    = {CRYPTO},
  year	       = 2009,
  pages	       = {505-523}
}

@InProceedings{alwen09:_survey,
  author       = {Joel Alwen and Yevgeniy Dodis and Daniel Wichs},
  title	       = {Survey: Leakage Resilience and the Bounded Retrieval
                  Model},
  booktitle    = {ICITS},
  year	       = 2009
}

@InProceedings{DBLP:conf/crypto/HohenbergerW09,
  author       = {Susan Hohenberger and Brent Waters},
  title	       = {Short and Stateless Signatures from the {RSA}
                  Assumption},
  booktitle    = {CRYPTO},
  year	       = 2009,
  pages	       = {654-670}
}
                  
@InProceedings{DBLP:conf/crypto/LeurentN09,
  author       = {Ga{\"e}tan Leurent and Phong Q. Nguyen},
  title	       = {How Risky Is the Random-Oracle Model?},
  booktitle    = {CRYPTO},
  year	       = 2009,
  pages	       = {445-464}
}
                  
@InProceedings{DBLP:conf/eurocrypt/BellareHY09,
  author       = {Mihir Bellare and Dennis Hofheinz and Scott Yilek},
  title	       = {Possibility and Impossibility Results for Encryption
                  and Commitment Secure under Selective Opening},
  booktitle    = {EUROCRYPT},
  year	       = 2009,
  pages	       = {1-35}
}
                  
@InProceedings{DBLP:conf/eurocrypt/HohenbergerW09,
  author       = {Susan Hohenberger and Brent Waters},
  title	       = {Realizing Hash-and-Sign Signatures under Standard
                  Assumptions},
  booktitle    = {EUROCRYPT},
  year	       = 2009,
  pages	       = {333-350}
}

@InProceedings{DBLP:conf/crypto/NaorS09,
  author       = {Moni Naor and Gil Segev},
  title	       = {Public-Key Cryptosystems Resilient to Key Leakage},
  booktitle    = {CRYPTO},
  year	       = 2009,
  pages	       = {18-35}
}

@InProceedings{DBLP:conf/tcc/HaitnerH09,
  author       = {Iftach Haitner and Thomas Holenstein},
  title	       = {On the (Im)Possibility of Key Dependent Encryption},
  booktitle    = {TCC},
  year	       = 2009,
  pages	       = {202-219}
}

@InProceedings{DBLP:conf/tcc/RosenS09,
  author       = {Alon Rosen and Gil Segev},
  title	       = {Chosen-Ciphertext Security via Correlated Products},
  booktitle    = {TCC},
  year	       = 2009,
  pages	       = {419-436}
}

@InProceedings{DBLP:conf/crypto/BonehHHO08,
  author       = {Dan Boneh and Shai Halevi and Michael Hamburg and
                  Rafail Ostrovsky},
  title	       = {Circular-Secure Encryption from Decision
                  {Diffie}-{Hellman}},
  booktitle    = {CRYPTO},
  year	       = 2008,
  pages	       = {108-125}
}

@InProceedings{DBLP:conf/eurocrypt/GrothS08,
  author       = {Jens Groth and Amit Sahai},
  title	       = {Efficient Non-interactive Proof Systems for Bilinear
                  Groups},
  booktitle    = {EUROCRYPT},
  year	       = 2008,
  pages	       = {415-432}
}

@InProceedings{DBLP:conf/stoc/PeikertW08,
  author       = {Chris Peikert and Brent Waters},
  title	       = {Lossy trapdoor functions and their applications},
  booktitle    = {STOC},
  year	       = 2008,
  pages	       = {187-196}
}
                  
@InProceedings{DBLP:conf/crypto/PeikertVW08,
  author       = {Chris Peikert and Vinod Vaikuntanathan and Brent
                  Waters},
  title	       = {A Framework for Efficient and Composable Oblivious
                  Transfer},
  booktitle    = {CRYPTO},
  year	       = 2008,
  pages	       = {554-571}
}

@InProceedings{DBLP:conf/ccs/BoldyrevaGK08,
  author       = {Alexandra Boldyreva and Vipul Goyal and Virendra
                  Kumar},
  title	       = {Identity-based encryption with efficient revocation},
  booktitle    = {ACM Conference on Computer and Communications
                  Security},
  year	       = 2008,
  pages	       = {417-426}
}

@InProceedings{DBLP:conf/focs/DziembowskiP08,
  author       = {Stefan Dziembowski and Krzysztof Pietrzak},
  title	       = {Leakage-Resilient Cryptography},
  booktitle    = {FOCS},
  year	       = 2008,
  pages	       = {293-302}
}

@Article{DBLP:journals/joc/CanettiHK07,
  author       = {Ran Canetti and Shai Halevi and Jonathan Katz},
  title	       = {A Forward-Secure Public-Key Encryption Scheme},
  journal      = {J. Cryptology},
  volume       = 20,
  number       = 3,
  year	       = 2007,
  pages	       = {265-294},
  note	       = {Preliminary version in EUROCRYPT 2003},
  prelimyear   = 2003
}

@InProceedings{DBLP:conf/acns/HuangWZ07,
  author       = {Qiong Huang and Duncan S. Wong and Yiming Zhao},
  title	       = {Generic Transformation to Strongly Unforgeable
                  Signatures},
  booktitle    = {ACNS},
  year	       = 2007,
  pages	       = {1-17}
}

@InProceedings{DBLP:conf/eurocrypt/AlmansaDN06,
  author       = {Jes{\'u}s F. Almansa and Ivan Damg{\aa}rd and Jesper
                  Buus Nielsen},
  title	       = {Simplified Threshold {RSA} with Adaptive and
                  Proactive Security},
  booktitle    = {EUROCRYPT},
  year	       = 2006,
  pages	       = {593-611}
}

@InProceedings{DBLP:conf/eurocrypt/GrothOS06,
  author       = {Jens Groth and Rafail Ostrovsky and Amit Sahai},
  title	       = {Perfect Non-interactive Zero Knowledge for {NP}},
  booktitle    = {EUROCRYPT},
  year	       = 2006,
  pages	       = {339-358}
}

@InProceedings{DBLP:conf/stoc/AkaviaGGM06,
  author       = {Adi Akavia and Oded Goldreich and Shafi Goldwasser
                  and Dana Moshkovitz},
  title	       = {On basing one-way functions on {NP}-hardness},
  booktitle    = {STOC},
  year	       = 2006,
  pages	       = {701-710}
}

@InProceedings{DBLP:conf/eurocrypt/KatzS06,
  author       = {Jonathan Katz and Ji Sun Shin},
  title	       = {Parallel and Concurrent Security of the {HB} and
                  {HB}$^{\mbox{+}}$ Protocols},
  booktitle    = {EUROCRYPT},
  year	       = 2006,
  pages	       = {73-87}
}
                  
@InProceedings{DBLP:conf/pkc/ChatterjeeS06,
  author       = {Sanjit Chatterjee and Palash Sarkar},
  title	       = {Generalization of the Selective-{ID} Security Model
                  for {HIBE} Protocols},
  booktitle    = {Public Key Cryptography},
  year	       = 2006,
  pages	       = {241-256}
}

@InProceedings{DBLP:conf/esorics/AdaoBHS05,
  author       = {Pedro Ad{\~a}o and Gergei Bana and Jonathan Herzog
                  and Andre Scedrov},
  title	       = {Soundness of Formal Encryption in the Presence of
                  Key-Cycles},
  booktitle    = {ESORICS},
  year	       = 2005,
  pages	       = {374-396}
}

@InProceedings{DBLP:conf/tcc/MicaliPSW05,
  author       = {Silvio Micali and Chris Peikert and Madhu Sudan and
                  David A. Wilson},
  title	       = {Optimal Error Correction Against Computationally
                  Bounded Noise},
  booktitle    = {TCC},
  year	       = 2005,
  pages	       = {1-16}
}

@InProceedings{DBLP:conf/crypto/JuelsW05,
  author       = {Ari Juels and Stephen A. Weis},
  title	       = {Authenticating Pervasive Devices with Human
                  Protocols},
  booktitle    = {CRYPTO},
  year	       = 2005,
  pages	       = {293-308}
}

@InProceedings{DBLP:conf/tcc/CanettiHK05,
  author       = {Ran Canetti and Shai Halevi and Jonathan Katz},
  title	       = {Adaptively-Secure, Non-interactive Public-Key
                  Encryption},
  booktitle    = {TCC},
  year	       = 2005,
  pages	       = {150-168}
}

@InProceedings{DBLP:conf/chi/GarfinkelMSNM05,
  author       = {Simson L. Garfinkel and David Margrave and Jeffrey
                  I. Schiller and Erik Nordlander and Robert
                  C. Miller},
  title	       = {How to make secure email easier to use},
  booktitle    = {CHI},
  year	       = 2005,
  pages	       = {701-710}
}

@InProceedings{DBLP:conf/podc/LepinskiMP04,
  author       = {Matt Lepinski and Silvio Micali and Chris Peikert
                  and Abhi Shelat},
  title	       = {Completely fair {SFE} and coalition-safe cheap talk},
  booktitle    = {PODC},
  year	       = 2004,
  pages	       = {1-10}
}

@InProceedings{DBLP:conf/tcc/MicaliR04,
  author       = {Silvio Micali and Leonid Reyzin},
  title	       = {Physically Observable Cryptography (Extended
                  Abstract)},
  booktitle    = {TCC},
  year	       = 2004,
  pages	       = {278-296}
}

@Article{DBLP:journals/jacm/NaorR04,
  author       = {Moni Naor and Omer Reingold},
  title	       = {Number-theoretic constructions of efficient
                  pseudo-random functions},
  journal      = {J. ACM},
  volume       = 51,
  number       = 2,
  year	       = 2004,
  pages	       = {231-262},
  note	       = {Preliminary version in FOCS 1997},
  prelimyear   = 1997
}

@Book{goldreich04:_found_of_crypt,
  author       = {Oded Goldreich},
  title	       = {Foundations of Cryptography},
  publisher    = {Cambridge University Press},
  year	       = 2004,
  volume       = {II}
}

@InProceedings{DBLP:conf/crypto/CanettiR03,
  author       = {Ran Canetti and Tal Rabin},
  title	       = {Universal Composition with Joint State},
  booktitle    = {CRYPTO},
  year	       = 2003,
  pages	       = {265-281}
}

@InProceedings{DBLP:conf/ctrsa/BellareY03,
  author       = {Mihir Bellare and Bennet S. Yee},
  title	       = {Forward-Security in Private-Key Cryptography},
  booktitle    = {CT-RSA},
  year	       = 2003,
  pages	       = {1-18}
}

@Article{DBLP:journals/jacm/SahaiV03,
  author       = {Amit Sahai and Salil P. Vadhan},
  title	       = {A complete problem for statistical zero knowledge},
  journal      = {J. ACM},
  volume       = 50,
  number       = 2,
  year	       = 2003,
  pages	       = {196-249},
  note	       = {Preliminary version in FOCS 1997},
  prelimyear   = 1997
}

@InProceedings{DBLP:conf/focs/Alekhnovich03,
  author       = {Michael Alekhnovich},
  title	       = {More on Average Case vs Approximation Complexity},
  booktitle    = {FOCS},
  year	       = 2003,
  pages	       = {298-307}
}

@Article{DBLP:journals/jacm/DworkNRS03,
  author       = {Cynthia Dwork and Moni Naor and Omer Reingold and
                  Larry J. Stockmeyer},
  title	       = {Magic Functions},
  journal      = {J. ACM},
  volume       = 50,
  number       = 6,
  year	       = 2003,
  pages	       = {852-921},
  note	       = {Preliminary version in FOCS 1999},
  prelimyear   = 1999
}

@Article{DBLP:journals/jacm/BlumKW03,
  author       = {Avrim Blum and Adam Kalai and Hal Wasserman},
  title	       = {Noise-tolerant learning, the parity problem, and the
                  statistical query model},
  journal      = {J. ACM},
  volume       = 50,
  number       = 4,
  year	       = 2003,
  pages	       = {506-519},
}

@Article{DBLP:journals/siamcomp/BonehF03,
  author       = {Dan Boneh and Matthew K. Franklin},
  title	       = {Identity-Based Encryption from the Weil Pairing},
  journal      = {SIAM J. Comput.},
  volume       = 32,
  number       = 3,
  year	       = 2003,
  pages	       = {586-615},
  note	       = {Preliminary version in CRYPTO 2001},
  prelimyear   = 2001
}

@InProceedings{DBLP:conf/crypto/Nielsen02,
  author       = {Jesper Buus Nielsen},
  title	       = {Separating Random Oracle Proofs from Complexity
                  Theoretic Proofs: The Non-committing Encryption
                  Case},
  booktitle    = {CRYPTO},
  year	       = 2002,
  pages	       = {111-126}
}
                  
@InProceedings{DBLP:conf/eurocrypt/CramerS02,
  author       = {Ronald Cramer and Victor Shoup},
  title	       = {Universal Hash Proofs and a Paradigm for Adaptive
                  Chosen Ciphertext Secure Public-Key Encryption},
  booktitle    = {EUROCRYPT},
  year	       = 2002,
  pages	       = {45-64}
}
                  
@InProceedings{DBLP:conf/sacrypt/BlackRS02,
  author       = {John Black and Phillip Rogaway and Thomas Shrimpton},
  title	       = {Encryption-Scheme Security in the Presence of
                  Key-Dependent Messages},
  booktitle    = {Selected Areas in Cryptography},
  year	       = 2002,
  pages	       = {62-75}
}

@InProceedings{DBLP:conf/focs/Canetti01,
  author       = {Ran Canetti},
  title	       = {Universally Composable Security: A New Paradigm for
                  Cryptographic Protocols},
  booktitle    = {FOCS},
  year	       = 2001,
  pages	       = {136-145}
}

@Misc{cryptoeprint:2000:067,
  author       = {Ran Canetti},
  title	       = {Universally Composable Security: A New Paradigm for
                  Cryptographic Protocols},
  howpublished = {Cryptology ePrint Archive, Report 2000/067},
  year	       = 2000,
  note	       = {\url{http://eprint.iacr.org/}}
}

@InProceedings{DBLP:conf/eurocrypt/CamenischL01,
  author       = {Jan Camenisch and Anna Lysyanskaya},
  title	       = {An Efficient System for Non-transferable Anonymous
                  Credentials with Optional Anonymity Revocation},
  booktitle    = {EUROCRYPT},
  year	       = 2001,
  pages	       = {93-118}
}

@InProceedings{DBLP:conf/calc/Coppersmith01,
  author       = {Don Coppersmith},
  title	       = {Finding Small Solutions to Small Degree Polynomials},
  booktitle    = {CaLC},
  year	       = 2001,
  pages	       = {20-31}
}

@InProceedings{DBLP:conf/asiacrypt/HopperB01,
  author       = {Nicholas J. Hopper and Manuel Blum},
  title	       = {Secure Human Identification Protocols},
  booktitle    = {ASIACRYPT},
  year	       = 2001,
  pages	       = {52-66}
}

@InProceedings{DBLP:conf/crypto/ShamirT01,
  author       = {Adi Shamir and Yael Tauman},
  title	       = {Improved Online/Offline Signature Schemes},
  booktitle    = {CRYPTO},
  year	       = 2001,
  pages	       = {355-367}
}

@InProceedings{DBLP:conf/asiacrypt/BellareBDP01,
  author       = {Mihir Bellare and Alexandra Boldyreva and Anand
                  Desai and David Pointcheval},
  title	       = {Key-Privacy in Public-Key Encryption},
  booktitle    = {ASIACRYPT},
  year	       = 2001,
  pages	       = {566-582}
}

@Article{DBLP:journals/joc/LenstraV01,
  author       = {Arjen K. Lenstra and Eric R. Verheul},
  title	       = {Selecting Cryptographic Key Sizes},
  journal      = {J. Cryptology},
  year	       = 2001,
  volume       = 14,
  pages	       = {255-293},
  number       = 4
} 

@Article{DBLP:journals/siamcomp/NaorRR02,
  author       = {Moni Naor and Omer Reingold and Alon Rosen},
  title	       = {Pseudorandom Functions and Factoring},
  journal      = {SIAM J. Comput.},
  volume       = 31,
  number       = 5,
  year	       = 2002,
  pages	       = {1383-1404},
  note	       = {Preliminary version in STOC 2000},
  prelimyear   = 2000
}

@InProceedings{DBLP:conf/eurocrypt/Shoup00,
  author       = {Victor Shoup},
  title	       = {Practical Threshold Signatures},
  booktitle    = {EUROCRYPT},
  year	       = 2000,
  pages	       = {207-220}
}

@Article{DBLP:journals/ita/MereghettiP00,
  author       = {Carlo Mereghetti and Beatrice Palano},
  title	       = {Threshold circuits for iterated matrix product and
                  powering},
  journal      = {ITA},
  volume       = 34,
  number       = 1,
  year	       = 2000,
  pages	       = {39-46}
}

@Article{DBLP:journals/siamcomp/DolevDN00,
  author       = {Danny Dolev and Cynthia Dwork and Moni Naor},
  title	       = {Nonmalleable Cryptography},
  journal      = {SIAM J. Comput.},
  volume       = 30,
  number       = 2,
  year	       = 2000,
  pages	       = {391-437}
}

@InProceedings{DBLP:conf/ndss/KrawczykR00,
  author       = {Hugo Krawczyk and Tal Rabin},
  title	       = {Chameleon Signatures},
  booktitle    = {NDSS},
  year	       = 2000
}

@InProceedings{DBLP:conf/crypto/Coron00,
  author       = {Jean-S{\'e}bastien Coron},
  title	       = {On the Exact Security of Full Domain Hash},
  booktitle    = {CRYPTO},
  year	       = 2000,
  pages	       = {229-235}
}

@Article{DBLP:journals/tissec/CramerS00,
  author       = {Ronald Cramer and Victor Shoup},
  title	       = {Signature schemes based on the strong {RSA}
                  assumption},
  journal      = {ACM Trans. Inf. Syst. Secur.},
  volume       = 3,
  number       = 3,
  year	       = 2000,
  pages	       = {161-185},
  note	       = {Preliminary version in CCS 1999},
  prelimyear   = 1999
}

@InProceedings{DBLP:conf/crypto/DamgardN00,
  author       = {Ivan Damg{\aa}rd and Jesper Buus Nielsen},
  title	       = {Improved Non-committing Encryption Schemes Based on
                  a General Complexity Assumption},
  booktitle    = {CRYPTO},
  year	       = 2000,
  pages	       = {432-450}
}

@Article{DBLP:journals/siamcomp/FeigeLS99,
  author       = {Uriel Feige and Dror Lapidot and Adi Shamir},
  title	       = {Multiple NonInteractive Zero Knowledge Proofs Under
                  General Assumptions},
  journal      = {SIAM J. Comput.},
  volume       = 29,
  number       = 1,
  year	       = 1999,
  pages	       = {1-28},
  prelimyear   = 1990,
  note	       = {Preliminary version in FOCS 1990}
}

@InProceedings{DBLP:conf/crypto/BellareM99,
  author       = {Mihir Bellare and Sara K. Miner},
  title	       = {A Forward-Secure Digital Signature Scheme},
  booktitle    = {CRYPTO},
  year	       = 1999,
  pages	       = {431-448}
}

@Article{DBLP:journals/siamcomp/HastadILL99,
  author       = {Johan H{\aa}stad and Russell Impagliazzo and Leonid
                  A. Levin and Michael Luby},
  title	       = {A Pseudorandom Generator from any One-way Function},
  journal      = {SIAM J. Comput.},
  volume       = 28,
  number       = 4,
  year	       = 1999,
  pages	       = {1364-1396}
}

@Article{DBLP:journals/jcss/NaorR99,
  author       = {Moni Naor and Omer Reingold},
  title	       = {Synthesizers and Their Application to the Parallel
                  Construction of Pseudo-Random Functions},
  journal      = {J. Comput. Syst. Sci.},
  volume       = 58,
  number       = 2,
  year	       = 1999,
  pages	       = {336-375},
  note	       = {Preliminary version in FOCS 1995},
  prelimyear   = 1995
}

@Article{DBLP:journals/joc/NaorR99,
  author       = {Moni Naor and Omer Reingold},
  title	       = {On the Construction of Pseudorandom Permutations:
                  {Luby-Rackoff} Revisited},
  journal      = {J. Cryptology},
  volume       = 12,
  number       = 1,
  year	       = 1999,
  pages	       = {29-66},
  note	       = {Preliminary version in STOC 1997},
  prelimyear   = 1997
}

@InProceedings{DBLP:conf/eurocrypt/CanettiG99,
  author       = {Ran Canetti and Shafi Goldwasser},
  title	       = {An Efficient {\it Threshold} Public Key Cryptosystem
                  Secure Against Adaptive Chosen Ciphertext Attack},
  booktitle    = {EUROCRYPT},
  year	       = 1999,
  pages	       = {90-106}
}

@InProceedings{DBLP:conf/eurocrypt/GennaroHR99,
  author       = {Rosario Gennaro and Shai Halevi and Tal Rabin},
  title	       = {Secure Hash-and-Sign Signatures Without the Random
                  Oracle},
  booktitle    = {EUROCRYPT},
  year	       = 1999,
  pages	       = {123-139}
}

@InProceedings{DBLP:conf/crypto/FujisakiO99,
  author       = {Eiichiro Fujisaki and Tatsuaki Okamoto},
  title	       = {Secure Integration of Asymmetric and Symmetric
                  Encryption Schemes},
  booktitle    = {CRYPTO},
  year	       = 1999,
  pages	       = {537-554}
}

@InProceedings{DBLP:conf/crypto/ChaumFN88,
  author       = {David Chaum and Amos Fiat and Moni Naor},
  title	       = {Untraceable Electronic Cash},
  booktitle    = {CRYPTO},
  year	       = 1988,
  pages	       = {319-327}
}

@MastersThesis{Fehr98,
  author       = {Serge Fehr},
  title	       = {Span Programs over Rings and How to Share a Secret
                  from a Module},
  year	       = 1998,
  address      = {Institute for Theoretical Computer Science},
  school       = {ETH Zurich}
}

@InProceedings{DBLP:conf/asiacrypt/BonehDF98,
  author       = {Dan Boneh and Glenn Durfee and Yair Frankel},
  title	       = {An Attack on {RSA} Given a Small Fraction of the
                  Private Key Bits},
  booktitle    = {ASIACRYPT},
  year	       = 1998,
  pages	       = {25-34}
}

@InProceedings{DBLP:conf/crypto/CramerS98,
  author       = {Ronald Cramer and Victor Shoup},
  title	       = {A Practical Public Key Cryptosystem Provably Secure
                  Against Adaptive Chosen Ciphertext Attack},
  booktitle    = {CRYPTO},
  year	       = 1998,
  pages	       = {13-25}
}
                  
@Article{DBLP:journals/joc/Coppersmith97,
  author       = {Don Coppersmith},
  title	       = {Small Solutions to Polynomial Equations, and Low
                  Exponent {RSA} Vulnerabilities},
  journal      = {J. Cryptology},
  volume       = 10,
  number       = 4,
  year	       = 1997,
  pages	       = {233-260}
}

@InProceedings{DBLP:conf/eurocrypt/Shoup97,
  author       = {Victor Shoup},
  title	       = {Lower Bounds for Discrete Logarithms and Related
                  Problems},
  booktitle    = {EUROCRYPT},
  year	       = 1997,
  pages	       = {256-266}
}

@Article{DBLP:journals/siamcomp/Shor97,
  author       = {Peter W. Shor},
  title	       = {Polynomial-Time Algorithms for Prime Factorization
                  and Discrete Logarithms on a Quantum Computer},
  journal      = {SIAM J. Comput.},
  volume       = 26,
  number       = 5,
  year	       = 1997,
  pages	       = {1484-1509}
}

@InProceedings{DBLP:conf/focs/BellareDJR97,
  author       = {Mihir Bellare and Anand Desai and E. Jokipii and
                  Phillip Rogaway},
  title	       = {A Concrete Security Treatment of Symmetric
                  Encryption},
  booktitle    = {FOCS},
  year	       = 1997,
  pages	       = {394-403}
}

@InProceedings{DBLP:conf/crypto/CanettiDNO97,
  author       = {Ran Canetti and Cynthia Dwork and Moni Naor and
                  Rafail Ostrovsky},
  title	       = {Deniable Encryption},
  booktitle    = {CRYPTO},
  year	       = 1997,
  pages	       = {90-104}
}

@InProceedings{DBLP:conf/focs/CanettiG96,
  author       = {Ran Canetti and Rosario Gennaro},
  title	       = {Incoercible Multiparty Computation (extended
                  abstract)},
  booktitle    = {FOCS},
  year	       = 1996,
  pages	       = {504-513}
}

@InProceedings{DBLP:conf/stoc/CanettiFGN96,
  author       = {Ran Canetti and Uriel Feige and Oded Goldreich and
                  Moni Naor},
  title	       = {Adaptively Secure Multi-Party Computation},
  booktitle    = {STOC},
  year	       = 1996,
  pages	       = {639-648}
}

@Article{DBLP:journals/joc/ImpagliazzoN96,
  author       = {Russell Impagliazzo and Moni Naor},
  title	       = {Efficient Cryptographic Schemes Provably as Secure
                  as Subset Sum},
  journal      = {J. Cryptology},
  volume       = 9,
  number       = 4,
  year	       = 1996,
  pages	       = {199-216},
}

@InProceedings{DBLP:conf/coco/Impagliazzo95,
  author       = {Russell Impagliazzo},
  title	       = {A Personal View of Average-Case Complexity},
  booktitle    = {Structure in Complexity Theory Conference},
  year	       = 1995,
  pages	       = {134-147}
}

@Article{DBLP:journals/siamdm/DesmedtF94,
  author       = {Yvo Desmedt and Yair Frankel},
  title	       = {Perfect Homomorphic Zero-Knowledge Threshold Schemes
                  over any Finite Abelian Group},
  journal      = {SIAM J. Discrete Math.},
  volume       = 7,
  number       = 4,
  year	       = 1994,
  pages	       = {667-679}
}

@TechReport{benaloh94:_uncoer_commun,
  author       = {Josh Benaloh and Dwight Tuinstra},
  title	       = {Uncoercible Communication},
  institution  = {Clarkson University},
  year	       = 1994,
  number       = {TR-MCS-94-1},
  month	       = {March}
}

@Book{lenstra93:_devel_of_number_field_sieve,
  editor       = {A. K. Lenstra and H. W. Lenstra},
  title	       = {The development of the number field sieve},
  publisher    = {Springer-Verlag},
  year	       = 1993,
  month	       = {August}
}

@InProceedings{DBLP:conf/ccs/BellareR93,
  author       = {Mihir Bellare and Phillip Rogaway},
  title	       = {Random Oracles are Practical: A Paradigm for
                  Designing Efficient Protocols},
  booktitle    = {ACM Conference on Computer and Communications
                  Security},
  year	       = 1993,
  pages	       = {62-73}
}

@Article{DBLP:journals/siamcomp/ReifT92,
  author       = {John H. Reif and Stephen R. Tate},
  title	       = {On Threshold Circuits and Polynomial Computation},
  journal      = {SIAM J. Comput.},
  volume       = 21,
  number       = 5,
  year	       = 1992,
  pages	       = {896-908}
}

@InProceedings{DBLP:conf/crypto/RackoffS91,
  author       = {Charles Rackoff and Daniel R. Simon},
  title	       = {Non-Interactive Zero-Knowledge Proof of Knowledge
                  and Chosen Ciphertext Attack},
  booktitle    = {CRYPTO},
  year	       = 1991,
  pages	       = {433-444}
}

@InProceedings{DBLP:conf/crypto/BlumFKL93,
  author       = {Avrim Blum and Merrick L. Furst and Michael
                  J. Kearns and Richard J. Lipton},
  title	       = {Cryptographic Primitives Based on Hard Learning
                  Problems},
  booktitle    = {CRYPTO},
  year	       = 1993,
  pages	       = {278-291}
}

@Article{DBLP:journals/siamcomp/BlumSMP91,
  author       = {Manuel Blum and Alfredo {De Santis} and Silvio Micali
                  and Giuseppe Persiano},
  title	       = {Noninteractive Zero-Knowledge},
  journal      = {SIAM J. Comput.},
  volume       = 20,
  number       = 6,
  year	       = 1991,
  pages	       = {1084-1118},
  prelimyear   = 1988,
  note	       = {Preliminary version in STOC 1988}
}

@InProceedings{DBLP:conf/stoc/Rompel90,
  author       = {John Rompel},
  title	       = {One-Way Functions are Necessary and Sufficient for
                  Secure Signatures},
  booktitle    = {STOC},
  year	       = 1990,
  pages	       = {387-394}
}

@InProceedings{DBLP:conf/stoc/NaorY90,
  author       = {Moni Naor and Moti Yung},
  title	       = {Public-key Cryptosystems Provably Secure against
                  Chosen Ciphertext Attacks},
  booktitle    = {STOC},
  year	       = 1990,
  pages	       = {427-437},
}

@InProceedings{DBLP:conf/stoc/RabinB89,
  author       = {Tal Rabin and Michael Ben-Or},
  title	       = {Verifiable Secret Sharing and Multiparty Protocols
                  with Honest Majority (Extended Abstract)},
  booktitle    = {STOC},
  year	       = 1989,
  pages	       = {73-85}
}

@Article{DBLP:journals/siamcomp/GoldwasserMR89,
  author       = {Shafi Goldwasser and Silvio Micali and Charles
                  Rackoff},
  title	       = {The Knowledge Complexity of Interactive Proof
                  Systems},
  journal      = {SIAM J. Comput.},
  volume       = 18,
  number       = 1,
  year	       = 1989,
  pages	       = {186-208},
  prelimyear   = 1985,
  note	       = {Preliminary version in STOC 1985}
}

@InProceedings{DBLP:conf/stoc/NaorY89,
  author       = {Moni Naor and Moti Yung},
  title	       = {Universal One-Way Hash Functions and their
                  Cryptographic Applications},
  booktitle    = {STOC},
  year	       = 1989,
  pages	       = {33-43},
}

@InProceedings{DBLP:conf/stoc/GoldreichL89,
  author       = {Oded Goldreich and Leonid A. Levin},
  title	       = {A Hard-Core Predicate for all One-Way Functions},
  booktitle    = {STOC},
  year	       = 1989,
  pages	       = {25-32}
}

@InProceedings{DBLP:conf/crypto/DesmedtF89,
  author       = {Yvo Desmedt and Yair Frankel},
  title	       = {Threshold Cryptosystems},
  booktitle    = {CRYPTO},
  year	       = 1989,
  pages	       = {307-315}
}

@Article{DBLP:journals/siamcomp/GrollmannS88,
  author       = {Joachim Grollmann and Alan L. Selman},
  title	       = {Complexity Measures for Public-Key Cryptosystems},
  journal      = {SIAM J. Comput.},
  volume       = 17,
  number       = 2,
  year	       = 1988,
  pages	       = {309-335}
}


@InProceedings{DBLP:conf/stoc/Ben-OrGW88,
  author       = {Michael Ben-Or and Shafi Goldwasser and Avi
                  Wigderson},
  title	       = {Completeness Theorems for Non-Cryptographic
                  Fault-Tolerant Distributed Computation (Extended
                  Abstract)},
  booktitle    = {STOC},
  year	       = 1988,
  pages	       = {1-10}
}

@Article{DBLP:journals/siamcomp/GoldwasserMR88,
  author       = {Shafi Goldwasser and Silvio Micali and Ronald
                  L. Rivest},
  title	       = {A Digital Signature Scheme Secure Against Adaptive
                  Chosen-Message Attacks},
  journal      = {SIAM J. Comput.},
  volume       = 17,
  number       = 2,
  year	       = 1988,
  pages	       = {281-308},
  note	       = {Preliminary version in FOCS 1984},
  prelimyear   = 1984
}

@Article{DBLP:journals/siamcomp/LubyR88,
  author       = {Michael Luby and Charles Rackoff},
  title	       = {How to Construct Pseudorandom Permutations from
                  Pseudorandom Functions},
  journal      = {SIAM J. Comput.},
  volume       = 17,
  number       = 2,
  year	       = 1988,
  pages	       = {373-386},
  note	       = {Preliminary version in CRYPTO 1985},
  prelimyear   = 1985
}

@TechReport{Berkeley:CSD-88-408,
  author       = {Richard Karp and Vijaya Ramachandran},
  title	       = {A Survey of Parallel Algorithms for Shared-Memory
                  Machines},
  institution  = {"University of California, Berkeley"},
  year	       = 1988
}

@Article{DBLP:journals/ipl/BoppanaHZ87,
  author       = {Ravi B. Boppana and Johan H{\aa}stad and Stathis
                  Zachos},
  title	       = {Does co-{NP} Have Short Interactive Proofs?},
  journal      = {Inf. Process. Lett.},
  volume       = 25,
  number       = 2,
  year	       = 1987,
  pages	       = {127-132}
}

@Article{DBLP:journals/jacm/GoldreichGM86,
  author       = {Oded Goldreich and Shafi Goldwasser and Silvio
                  Micali},
  title	       = {How to construct random functions},
  journal      = {J. ACM},
  volume       = 33,
  number       = 4,
  year	       = 1986,
  pages	       = {792-807},
  note	       = {Preliminary version in FOCS 1984},
  prelimyear   = 1984
}

@Article{DBLP:journals/siamcomp/BlumBS86,
  author       = {Lenore Blum and Manuel Blum and Mike Shub},
  title	       = {A Simple Unpredictable Pseudo-Random Number
                  Generator},
  journal      = {SIAM J. Comput.},
  volume       = 15,
  number       = 2,
  year	       = 1986,
  pages	       = {364-383}
}

@InProceedings{DBLP:conf/crypto/Shamir84,
  author       = {Adi Shamir},
  title	       = {Identity-Based Cryptosystems and Signature Schemes},
  booktitle    = {CRYPTO},
  year	       = 1984,
  pages	       = {47-53}
}

@Article{DBLP:journals/siamcomp/BlumM84,
  author       = {Manuel Blum and Silvio Micali},
  title	       = {How to Generate Cryptographically Strong Sequences
                  of Pseudo-Random Bits},
  journal      = {SIAM J. Comput.},
  volume       = 13,
  number       = 4,
  year	       = 1984,
  pages	       = {850-864},
  note	       = {Preliminary version in FOCS 1982},
  prelimyear   = 1982
}

@Article{DBLP:journals/jcss/GoldwasserM84,
  author       = {Shafi Goldwasser and Silvio Micali},
  title	       = {Probabilistic Encryption},
  journal      = {J. Comput. Syst. Sci.},
  volume       = 28,
  number       = 2,
  year	       = 1984,
  pages	       = {270-299},
  note	       = {Preliminary version in STOC 1982},
  prelimyear   = 1982
}

@InProceedings{DBLP:conf/focs/Yao82a,
  author       = {Andrew Chi-Chih Yao},
  title	       = {Theory and Applications of Trapdoor Functions
                  (Extended Abstract)},
  booktitle    = {FOCS},
  year	       = 1982,
  pages	       = {80-91}
}

@Article{DBLP:journals/cacm/Shamir79,
  author       = {Adi Shamir},
  title	       = {How to Share a Secret},
  journal      = {Commun. ACM},
  volume       = 22,
  number       = 11,
  year	       = 1979,
  pages	       = {612-613}
}

@Article{DBLP:journals/cacm/RivestSA78,
  author       = {Ronald L. Rivest and Adi Shamir and Leonard
                  M. Adleman},
  title	       = {A Method for Obtaining Digital Signatures and
                  Public-Key Cryptosystems},
  journal      = {Commun. ACM},
  volume       = 21,
  number       = 2,
  year	       = 1978,
  pages	       = {120-126}
}

@Article{diffie76:_new_direc_in_crypt,
  author       = {Whitfield Diffie and Martin E. Hellman},
  title	       = {New Directions in Cryptography},
  journal      = {IEEE Transactions on Information Theory},
  volume       = {IT-22},
  number       = 6,
  pages	       = {644-654},
  date	       = {November 1976},
  year	       = 1976,
}

@TechReport{rabin79:_digit_signat_and_public_key,
  author       = {Michael O. Rabin},
  title	       = {Digitalized signatures and public-key functions as
                  intractable as factorization},
  institution  = {MIT Laboratory for Computer Science},
  year	       = 1979,
  number       = {MIT/LCS/TR-212}
}

% deniable things

@Misc{RubberHose,
  title	       = {The rubberhose encryption system.},
  note	       = {Internet website; accessed 9 February 2010.
                  \url{http://iq.org/~proff/marutukku.org/}}
}

@Misc{TrueCrypt,
  title	       = {TrueCrypt: Free open-source on-the-fly encryption.},
  note	       = {Internet website; accessed 9 Feburary
                  2010. \url{http://www.truecrypt.org}}
}

@Misc{wiki:deniable,
  author       = {Wikipedia},
  title	       = {Deniable encryption --- {Wikipedia,} The Free
                  Encyclopedia},
  year	       = 2010,
  note	       = {Internet website; accessed 9 February 2010.
                  \url{http://en.wikipedia.org/wiki/Deniable_encryption}}
}

@Article{chvatal-tail,
  author       = {V. Chv{\'a}tal},
  title	       = {The tail of the hypergeometric distribution},
  journal      = {Discrete Math.},
  volume       = 25,
  year	       = 1979,
  pages	       = {285-287}
}

@Manual{sage,
  title	       = {{S}age {M}athematics {S}oftware ({V}ersion 4.2.1)},
  key	       = {Sage},
  author       = {W.\thinspace{}A. Stein and others},
  organization = {The Sage Development Team},
  note	       = {\url{http://www.sagemath.org}},
  year	       = 2009
}

@Misc{shoup-ntl,
  author       = {Victor Shoup},
  title	       = {Number Theory Library 5.5.2 ({NTL}) for {C}++},
  note	       = {\url{http://www.shoup.net/ntl/}}
}

@inproceedings{DBLP:conf/focs/GargGH0SW13,
  author    = {Sanjam Garg and
               Craig Gentry and
               Shai Halevi and
               Mariana Raykova and
               Amit Sahai and
               Brent Waters},
  title     = {Candidate Indistinguishability Obfuscation and Functional
               Encryption for all Circuits},
  booktitle = {FOCS},
  year      = {2013},
  pages     = {40-49},
  ee        = {http://doi.ieeecomputersociety.org/10.1109/FOCS.2013.13},
  bibsource = {DBLP, http://dblp.uni-trier.de}
}
