@inproceedings{DBLP:conf/focs/CohenF85,
  author    = {Josh D. Cohen and
               Michael J. Fischer},
  title     = {A Robust and Verifiable Cryptographically Secure Election Scheme (Extended
               Abstract)},
  booktitle = {26th Annual Symposium on Foundations of Computer Science, Portland,
               Oregon, USA, 21-23 October 1985},
  pages     = {372--382},
  year      = {1985}
}

@inproceedings{DBLP:conf/crypto/Benaloh86a,
  author    = {Josh Cohen Benaloh},
  title     = {Secret Sharing Homomorphisms: Keeping Shares of {A} Secret Sharing},
  booktitle = {Advances in Cryptology - {CRYPTO} '86, Santa Barbara, California,
               USA, 1986, Proceedings},
  pages     = {251--260},
  year      = {1986}
}

@inproceedings{DBLP:conf/fc/KiayiasY04,
  author    = {Aggelos Kiayias and
               Moti Yung},
  title     = {The Vector-Ballot e-Voting Approach},
  booktitle = {Financial Cryptography, 8th International Conference, {FC} 2004, Key
               West, FL, USA, February 9-12, 2004. Revised Papers},
  pages     = {72--89},
  year      = {2004}
}


@inproceedings{DBLP:conf/eurocrypt/HirtS00,
  author    = {Martin Hirt and
               Kazue Sako},
  title     = {Efficient Receipt-Free Voting Based on Homomorphic Encryption},
  booktitle = {Advances in Cryptology - {EUROCRYPT} 2000, International Conference
               on the Theory and Application of Cryptographic Techniques, Bruges,
               Belgium, May 14-18, 2000, Proceeding},
  pages     = {539--556},
  year      = {2000}
}


@article{fontaine2007survey,
  title={A survey of homomorphic encryption for nonspecialists},
  author={Fontaine, Caroline and Galand, Fabien},
  journal={EURASIP Journal on Information Security},
  volume={2007},
  pages={15},
  year={2007},
  publisher={Hindawi Publishing Corp.}
}

@inproceedings{DBLP:conf/eurocrypt/BrickellY87,
  author    = {Ernest F. Brickell and
               Yacov Yacobi},
  title     = {On Privacy Homomorphisms (Extended Abstract)},
  booktitle = {Advances in Cryptology - {EUROCRYPT} '87, Workshop on the Theory and
               Application of of Cryptographic Techniques, Amsterdam, The Netherlands,
               April 13-15, 1987, Proceedings},
  pages     = {117--125},
  year      = {1987},
}


@techreport{mell2011nist,
  title={The NIST definition of cloud computing},
  author={Mell, Peter and Grance, Tim},
  year=2011,
  institution={Computer Security Division, Information Technology Laboratory, National Institute of Standards and Technology}
}

@techreport{aboveclouds,
title={Above the Clouds: A Berkeley View of Cloud Computing},
author={Armbrust, Michael and Fox, Armando and Griffith, Rean and Joseph, Anthony D. and Katz, Randy H. and Konwinski, Andrew and Lee, Gunho and Patterson, David A. and Rabkin, Ariel and Stoica, Ion and Zaharia, Matei},
year={2009},
institution={University of California at Berkeley},
number={UCB/EECS-2009-28},
type={Technical Report}
}


@article{Gentry:2010:CAF:1666420.1666444,
 author = {Gentry, Craig},
 title = {Computing Arbitrary Functions of Encrypted Data},
 journal = {Commun. ACM},
 issue_date = {March 2010},
 volume = {53},
 number = {3},
 month = mar,
 year = {2010},
 issn = {0001-0782},
 pages = {97--105},
 numpages = {9},
 url = {http://doi.acm.org/10.1145/1666420.1666444},
 doi = {10.1145/1666420.1666444},
 acmid = {1666444},
 publisher = {ACM},
 address = {New York, NY, USA},
} 


@inproceedings{DBLP:conf/eurocrypt/DucasM15,
  author    = {L{\'{e}}o Ducas and
               Daniele Micciancio},
  title     = {{FHEW:} Bootstrapping Homomorphic Encryption in Less Than a Second},
  booktitle = {Advances in Cryptology - {EUROCRYPT} 2015 - 34th Annual International
               Conference on the Theory and Applications of Cryptographic Techniques,
               Sofia, Bulgaria, April 26-30, 2015, Proceedings, Part {I}},
  pages     = {617--640},
  year      = {2015}
}

@inproceedings{brenner2011secret,
  title={Secret program execution in the cloud applying homomorphic encryption},
  author={Brenner, Michael and Wiebelitz, Jan and von Voigt, Gabriele and Smith, Matthew},
  booktitle={Digital Ecosystems and Technologies Conference (DEST), 2011 Proceedings of the 5th IEEE International Conference on},
  pages={114--119},
  year={2011},
  organization={IEEE}
}
@article{yi2013single,
  title={Single-database private information retrieval from fully homomorphic encryption},
  author={Yi, Xun and Kaosar, Mohammed Golam and Paulet, Russell and Bertino, Elisa},
  journal={Knowledge and Data Engineering, IEEE Transactions on},
  volume={25},
  number={5},
  pages={1125--1134},
  year={2013},
  publisher={IEEE}
}
@inproceedings{boneh2013private,
  title={Private database queries using somewhat homomorphic encryption},
  author={Boneh, Dan and Gentry, Craig and Halevi, Shai and Wang, Frank and Wu, David J},
  booktitle={Applied Cryptography and Network Security},
  pages={102--118},
  year={2013},
  organization={Springer}
}
@inproceedings{gahi2011secure,
  title={A secure database system using homomorphic encryption schemes},
  author={Gahi, Youssef and Guennoun, Mouhcine and El-Khatib, Khalil},
  booktitle={DBKDA 2011, The Third International Conference on Advances in Databases, Knowledge, and Data Applications},
  pages={54--58},
  year={2011}
}

@inproceedings{RohloffCousinsFHE,
title={A Scalable Implementation of Fully Homomorphic Encryption Built on NTRU},
year={2014},
isbn={978-3-662-44773-4},
booktitle={Financial Cryptography and Data Security},
series={Lecture Notes in Computer Science},
editor={B√∂hme, Rainer and Brenner, Michael and Moore, Tyler and Smith, Matthew},
doi={10.1007/978-3-662-44774-1_18},

url={http://dx.doi.org/10.1007/978-3-662-44774-1_18},
publisher={Springer Berlin Heidelberg},
author={Rohloff, Kurt and Cousins, DavidBruce},
pages={221-234},
language={English}
}

@misc{cryptoeprint:2014:897,
    author = {Sergey Gorbunov and Vinod Vaikuntanathan and Daniel Wichs},
    title = {Leveled Fully Homomorphic Signatures from Standard Lattices},
    howpublished = {Cryptology ePrint Archive, Report 2014/897},
    year = {2014},
    note = {\url{http://eprint.iacr.org/}},
}

@inproceedings{DBLP:conf/eurocrypt/HaleviS15,
  author    = {Shai Halevi and
               Victor Shoup},
  title     = {Bootstrapping for HElib},
  booktitle = {Advances in Cryptology - {EUROCRYPT} 2015 - 34th Annual International
               Conference on the Theory and Applications of Cryptographic Techniques,
               Sofia, Bulgaria, April 26-30, 2015, Proceedings, Part {I}},
  pages     = {641--670},
  year      = {2015}
}




@misc{cryptoeprint:2014:463,
    author = {Sergey Gorbunov and Vinod Vaikuntanathan},
    title = {(Leveled) Fully Homomorphic Signatures from Lattices},
    howpublished = {Cryptology ePrint Archive, Report 2014/463},
    year = {2014},
    note = {\url{http://eprint.iacr.org/}},
}

@misc{cryptoeprint:2014:804,
    author = {Jacob Alperin-Sheriff},
    title = {Short Signatures from Homomorphic Trapdoor Functions},
    howpublished = {Cryptology ePrint Archive, Report 2014/804},
    year = {2014},
    note = {\url{http://eprint.iacr.org/}},
}



@inproceedings{DBLP:conf/crypto/Alperin-SheriffP14,
  author    = {Jacob Alperin-Sheriff and
               Chris Peikert},
  title     = {Faster Bootstrapping with Polynomial Error},
  booktitle = {CRYPTO (1)},
  year      = {2014},
  pages     = {297-314}
}

@article{rivest1978data,
  title={On data banks and privacy homomorphisms},
  author={Rivest, Ronald L and Adleman, Len and Dertouzos, Michael L},
  journal={Foundations of secure computation},
  volume={4},
  number={11},
  pages={169--180},
  year={1978}
}

@inproceedings{DBLP:conf/crypto/HaleviS14,
  author    = {Shai Halevi and
               Victor Shoup},
  title     = {Algorithms in HElib},
  booktitle = {CRYPTO (1)},
  year      = {2014},
  pages     = {554-571}
}

@inproceedings{DBLP:conf/isw/Domingo-Ferrer02,
  author    = {Josep Domingo{-}Ferrer},
  title     = {A Provably Secure Additive and Multiplicative Privacy Homomorphism},
  booktitle = {Information Security, 5th International Conference, {ISC} 2002 Sao
               Paulo, Brazil, September 30 - October 2, 2002, Proceedings},
  pages     = {471--483},
  year      = 2002
}
@article{DBLP:journals/ipl/Ferrer96,
  author    = {Josep Domingo{-}Ferrer},
  title     = {A New Privacy Homomorphism and Applications},
  journal   = {Inf. Process. Lett.},
  volume    = {60},
  number    = {5},
  pages     = {277--282},
  year      = {1996}
}
@article{DBLP:journals/ipl/CheonKN06,
  author    = {Jung Hee Cheon and
               Woo{-}Hwan Kim and
               Hyun Soo Nam},
  title     = {Known-plaintext cryptanalysis of the Domingo-Ferrer algebraic privacy
               homomorphism scheme},
  journal   = {Inf. Process. Lett.},
  volume    = {97},
  number    = {3},
  pages     = {118--123},
  year      = {2006}
}

@inproceedings{DBLP:conf/isw/Wagner03,
  author    = {David Wagner},
  title     = {Cryptanalysis of an Algebraic Privacy Homomorphism},
  booktitle = {Information Security, 6th International Conference, {ISC} 2003, Bristol,
               UK, October 1-3, 2003, Proceedings},
  pages     = {234--239},
  year      = {2003}
}

@inproceedings{DBLP:conf/tcc/CanettiLTV15,
  author    = {Ran Canetti and
               Huijia Lin and
               Stefano Tessaro and
               Vinod Vaikuntanathan},
  title     = {Obfuscation of Probabilistic Circuits and Applications},
  booktitle = {Theory of Cryptography - 12th Theory of Cryptography Conference, {TCC}
               2015, Warsaw, Poland, March 23-25, 2015, Proceedings, Part {II}},
  pages     = {468--497},
  year      = {2015}
}
@inproceedings{DBLP:conf/pkc/HiromasaAO15,
  author    = {Ryo Hiromasa and
               Masayuki Abe and
               Tatsuaki Okamoto},
  title     = {Packing Messages and Optimizing Bootstrapping in {GSW-FHE}},
  booktitle = {Public-Key Cryptography - {PKC} 2015 - 18th {IACR} International Conference
               on Practice and Theory in Public-Key Cryptography, Gaithersburg, MD,
               USA, March 30 - April 1, 2015, Proceedings},
  pages     = {699--715},
  year      = 2015
}
@inproceedings{DBLP:conf/pkc/OrsiniPS15,
  author    = {Emmanuela Orsini and
               Joop van de Pol and
               Nigel P. Smart},
  title     = {Bootstrapping {BGV} Ciphertexts with a Wider Choice of p and q},
  booktitle = {Public-Key Cryptography - {PKC} 2015 - 18th {IACR} International Conference
               on Practice and Theory in Public-Key Cryptography, Gaithersburg, MD,
               USA, March 30 - April 1, 2015, Proceedings},
  pages     = {673--698},
  year      = {2015}
}
