@book{apery_constant,
title={The On-Line Encyclopedia of Integer Sequences},
author={N.J.A. Sloane},
year={1964},
publisher={OEIS Foundation}
}
@article{soprounov2010short,
  title={A short proof of the Prime Number Theorem for arithmetic progressions},
  author={Soprounov, Ivan},
  journal={preprint},
  year={2010}
}

@article{primefact,
year={1987},
issn={0003-889X},
journal={Archiv der Mathematik},
volume={49},
number={4},
doi={10.1007/BF01210712},
title={Prime factorizations for values of cyclotomic polynomials in ℤ[i]},
url={http://dx.doi.org/10.1007/BF01210712},
publisher={Birkhäuser-Verlag},
author={Drauschke, Gabriele and Tasche, Manfred},
pages={292-300},
language={English}
}

@article{extendeuclidideals,
year={1996},
pages={1681-1699},
url={http://www.ams.org/journals/mcom/1996-65-216/S0025-5718-96-00766-1/S0025-5718-96-00766-1.pdf},
title={Hermite and Smith Normal Form Algorithms Over Dedekind Domains},
journal={Mathematics of Computation},
volume={65},
number={216},
author={Cohen, Henri}
}

@inproceedings{murata2004largest,
  title={On the largest prime factor of a Mersenne number},
  author={Murata, Leo and Pomerance, Carl},
  booktitle={Number theory, CRM Proc. Lecture Notes of American Mathematical Society},
  volume={36},
  pages={209--218},
  year={2004}
}

@article{murty2002abc,
  title={The ABC conjecture and prime divisors of the Lucas and Lehmer sequences},
  author={Murty, M Ram and Wong, Siman},
  journal={Number theory for the millennium, III (Urbana, IL, 2000), AK Peters, Natick, MA},
  pages={43--54},
  year={2002}
}

@article{stewart2013divisors,
  title={On divisors of Lucas and Lehmer numbers},
  Author={Stewart, Cameron L},
  journal={Acta Mathematica},
  volume={211},
  number={2},
  pages={291--314},
  year={2013},
  publisher={Springer}
}

@book{rosen1993elementary,
  title={Elementary number theory and its applications},
  author={Rosen, Kenneth H},
  year={1993},
  publisher={Reading, Mass.}
}

@article{barkley1962approximate,
  title={Approximate formulas for some functions of prime numbers},
  author={Barkley Rosser, J and Schoenfeld, Lowell},
  journal={Illinois J. Math},
  volume={6},
  pages={64--94},
  year={1962}
}
@article{dusart1999k,
  title={The k th prime is greater than k (ln k+ ln ln k-1) for k≥ 2},
  author={Dusart, Pierre},
  journal={Mathematics of Computation},
  pages={411--415},
  year={1999},
  publisher={JSTOR}
}
@article{schoenfeld1976sharper,
  title={Sharper Bounds for the Chebyshev Functions $\theta$(x) and $\psi$(x). II},
  author={Schoenfeld, Lowell},
  journal={Mathematics of Computation},
  pages={337--360},
  year={1976},
  publisher={JSTOR}
}

@book{hardy1979introduction,
  title={An introduction to the theory of numbers},
  author={Hardy, Godfrey Harold and Wright, Edward Maitland},
  year=1979,
  publisher={Oxford University Press}
}


@book{ingham1932distribution,
  title={The distribution of prime numbers},
  author={Ingham, Albert Edward and Ingham, AE},
  year={1932},
  publisher={Cambridge University Press}
}

@unpublished{gallot2000cyclotomic,
  title={Cyclotomic Polynomials and Prime Numbers},
  author={Gallot, Yves},
  year={2000},
  note={http://yves.gallot.pagesperso-orange.fr/papers/cyclotomic.pdf}
}

@book{guy2004unsolved,
  title={Unsolved problems in number theory},
  author={Guy, Richard},
  volume={1},
  year={2004},
  publisher={Springer}
}
@book{algnumfrohlich,
title={Algebraic Number Theory},
author={Fr{\"o}hlich, A. and Taylor, M.J.},
publisher={Cambridge University Press},
year={1991}
}