@inproceedings{DBLP:conf/stoc/BarringtonBR92,
  author    = {David A. Mix Barrington and
               Richard Beigel and
               Steven Rudich},
  title     = {Representing Boolean Functions as Polynomials Modulo Composite Numbers
               (Extended Abstract)},
  booktitle = {Proceedings of the 24th Annual {ACM} Symposium on Theory of Computing,
               May 4-6, 1992, Victoria, British Columbia, Canada},
  pages     = {455--461},
  year      = {1992},
}


@inproceedings{barrington1986bounded,
  title={Bounded-width polynomial-size branching programs recognize exactly those languages in NC 1},
  author={Barrington, David A},
  booktitle={Proceedings of the eighteenth annual ACM symposium on Theory of computing},
  pages={1--5},
  year={1986},
  organization={ACM}
}
@InProceedings{DBLP:conf/stoc/Barrington86,
  author       = {David A. Mix Barrington},
  title	       = {Bounded-Width Polynomial-Size Branching Programs
                  Recognize Exactly Those Languages in {NC$^1$}},
  booktitle    = {STOC},
  year	       = 1986,
  pages	       = {1-5}
}

@Article{DBLP:journals/siamcomp/ReifT92,
  author       = {John H. Reif and Stephen R. Tate},
  title	       = {On Threshold Circuits and Polynomial Computation},
  journal      = {SIAM J. Comput.},
  year	       = 1992,
  volume       = 21,
  number       = 5,
  pages	       = {896-908}
}

@Book{jacobson2012basic,
  author       = {Jacobson, Nathan},
  title	       = {Basic Algebra I},
  publisher    = {Dover Publications},
  year	       = 2012
}
                  
@Article{miller1987maximum,
  author       = {Miller, William},
  title	       = {The maximum order of an element of a finite
                  symmetric group},
  journal      = {American Mathematical Monthly},
  year	       = 1987,
  volume       = 94,
  number       = 6,
  pages	       = {497-506},
  publisher    = {Mathematical Association of America}
}

@Article{Grantham95thelargest,
  author       = {Jon Grantham},
  title	       = {The largest prime dividing the maximal order of an
                  element of Sn},
  journal      = {Math. Comp},
  year	       = 1995
}

@Article{massias1989effective,
  author       = {Massias, Jean-Pierre and Nicolas, Jean-Louis and
                  Robin, Guy},
  title	       = {Effective bounds for the maximal order of an element
                  in the symmetric group},
  journal      = {Mathematics of computation},
  year	       = 1989,
  pages	       = {665-678},
  publisher    = {JSTOR}
}

@Book{opac-b1133479,
  author       = {Dummit, David Steven and Foote, Richard M.},
  title	       = {Abstract algebra},
  publisher    = {John Wiley \& Sons},
  year	       = 2004,
  address      = {Hoboken, NJ},
  url	       = {http://opac.inria.fr/record=b1133479},
  isbn	       = {0-471-43334-9}
}

@Article{SharperChebyshev,
  author       = {Schoenfeld, Lowell},
  title	       = {Sharper Bounds for the {Chebyshev} Functions
                  $\theta(x)$ and $\psi(x)$. II},
  journal      = {Mathematics of Computation},
  year	       = 1976,
  volume       = 30,
  number       = 134,
  pages	       = {pp. 337-360},
  jstor_articletype= {research-article},
  jstor_formatteddate= {Apr., 1976},
  url	       = {http://www.jstor.org/stable/2005976},
  issn	       = 00255718,
  publisher    = {American Mathematical Society},
}

@Book{ingham1932distribution,
  author       = {Ingham, Albert Edward},
  title	       = {The distribution of prime numbers},
  publisher    = {Cambridge University Press},
  year	       = 1932,
  volume       = 30
}
@article{liptonsubquadratic89,
author = {J.-Y. Cai and R.J. Lipton},
title = {Subquadratic simulations of circuits by branching programs},
journal ={2013 IEEE 54th Annual Symposium on Foundations of Computer Science},
volume = {0},
isbn = {0-8186-1982-1},
year = {1989},
pages = {568-573},
doi = {http://doi.ieeecomputersociety.org/10.1109/SFCS.1989.63536},
publisher = {IEEE Computer Society},
address = {Los Alamitos, CA, USA},
}
@phdthesis{sinha1995some,
  title={Some topics in parallel computation and branching programs},
  author={Sinha, Rakesh Kumar},
  year={1995},
  school={University of Washington}
}
@article{cleve1991towards,
  title={Towards optimal simulations of formulas by bounded-width programs},
  author={Cleve, Richard},
  journal={Computational Complexity},
  volume={1},
  number={1},
  pages={91--105},
  year={1991},
  publisher={Springer}
}
