@article{sidelnikovshestakov,
year={1992},
pages={439-444},
title={On insecurity of cryptosystems based on generalized Reed-Solomon
codes},
journal={Discrete Mathematics and Applications},
volume={2},
number={4},
author={V.M. Sidelnikov and S. Shestakov}
}