@InProceedings{DBLP:conf/crypto/Waters09,
  author       = {Brent Waters},
  title	       = {Dual System Encryption: Realizing Fully Secure {IBE}
                  and {HIBE} under Simple Assumptions},
  booktitle    = {CRYPTO},
  year	       = 2009,
  pages	       = {619-636}
}

@InProceedings{DBLP:conf/tcc/GentryH09,
  author       = {Craig Gentry and Shai Halevi},
  title	       = {Hierarchical Identity Based Encryption with
                  Polynomially Many Levels},
  booktitle    = {TCC},
  year	       = 2009,
  pages	       = {437-456}
}

@Article{DBLP:journals/siamcomp/BonehCHK07,
  author       = {Dan Boneh and Ran Canetti and Shai Halevi and
                  Jonathan Katz},
  title	       = {Chosen-Ciphertext Security from Identity-Based
                  Encryption},
  journal      = {SIAM J. Comput.},
  volume       = 36,
  number       = 5,
  year	       = 2007,
  pages	       = {1301-1328}
}

@InProceedings{DBLP:conf/eurocrypt/CanettiHK04,
  author       = {Ran Canetti and Shai Halevi and Jonathan Katz},
  title	       = {Chosen-Ciphertext Security from Identity-Based
                  Encryption},
  booktitle    = {EUROCRYPT},
  year	       = 2004,
  pages	       = {207-222}
}

@InProceedings{DBLP:conf/focs/BonehGH07,
  author       = {Dan Boneh and Craig Gentry and Michael Hamburg},
  title	       = {Space-Efficient Identity Based Encryption Without
                  Pairings},
  booktitle    = {FOCS},
  year	       = 2007,
  pages	       = {647-657}
}

@inproceedings{DBLP:conf/indocrypt/CrescenzoS07,
  author    = {Giovanni Di Crescenzo and
               Vishal Saraswat},
  title     = {Public Key Encryption with Searchable Keywords Based on
               {Jacobi} Symbols},
  booktitle = {INDOCRYPT},
  year      = {2007},
  pages     = {282-296},
}

@Article{DBLP:journals/joc/AbdallaBCKKLMNPS08,
  author       = {Michel Abdalla and Mihir Bellare and Dario Catalano
                  and Eike Kiltz and Tadayoshi Kohno and Tanja Lange
                  and John Malone-Lee and Gregory Neven and Pascal
                  Paillier and Haixia Shi},
  title	       = {Searchable Encryption Revisited: Consistency
                  Properties, Relation to Anonymous {IBE}, and
                  Extensions},
  journal      = {J. Cryptology},
  volume       = 21,
  number       = 3,
  year	       = 2008,
  pages	       = {350-391},
  note	       = {Preliminary version in CRYPTO 2005},
  prelimyear   = 2005
}

@InProceedings{DBLP:conf/eurocrypt/Gentry06,
  author       = {Craig Gentry},
  title	       = {Practical Identity-Based Encryption Without Random
                  Oracles},
  booktitle    = {EUROCRYPT},
  year	       = 2006,
  pages	       = {445-464}
}

@InProceedings{DBLP:conf/ccs/YaoFDL04,
  author       = {Danfeng Yao and Nelly Fazio and Yevgeniy Dodis and
                  Anna Lysyanskaya},
  title	       = {{ID}-based encryption for complex hierarchies with
                  applications to forward security and broadcast
                  encryption},
  booktitle    = {ACM Conference on Computer and Communications
                  Security},
  year	       = 2004,
  pages	       = {354-363}
}

@InProceedings{DBLP:conf/eurocrypt/BonehCOP04,
  author       = {Dan Boneh and Giovanni Di Crescenzo and Rafail
                  Ostrovsky and Giuseppe Persiano},
  title	       = {Public Key Encryption with Keyword Search},
  booktitle    = {EUROCRYPT},
  year	       = 2004,
  pages	       = {506-522}
}

@InProceedings{DBLP:conf/ccs/DodisF02,
  author       = {Yevgeniy Dodis and Nelly Fazio},
  title	       = {Public Key Broadcast Encryption for Stateless
                  Receivers},
  booktitle    = {ACM Workshop on Digital Rights Management},
  year	       = 2002,
  pages	       = {61-80}
}

@InProceedings{DBLP:conf/asiacrypt/GentryS02,
  author       = {Craig Gentry and Alice Silverberg},
  title	       = {Hierarchical {ID}-Based Cryptography},
  booktitle    = {ASIACRYPT},
  year	       = 2002,
  pages	       = {548-566}
}

@InProceedings{DBLP:conf/crypto/BoyenW06,
  author       = {Xavier Boyen and Brent Waters},
  title	       = {Anonymous Hierarchical Identity-Based Encryption
                  (Without Random Oracles)},
  booktitle    = {CRYPTO},
  year	       = 2006,
  pages	       = {290-307}
}

@InProceedings{DBLP:conf/eurocrypt/Waters05,
  author       = {Brent Waters},
  title	       = {Efficient Identity-Based Encryption Without Random
                  Oracles},
  booktitle    = {EUROCRYPT},
  year	       = 2005,
  pages	       = {114-127}
}

@InProceedings{DBLP:conf/eurocrypt/BonehBG05,
  author       = {Dan Boneh and Xavier Boyen and Eu-Jin Goh},
  title	       = {Hierarchical Identity Based Encryption with Constant
                  Size Ciphertext},
  booktitle    = {EUROCRYPT},
  year	       = 2005,
  pages	       = {440-456}
}

@InProceedings{DBLP:conf/crypto/BonehB04,
  author       = {Dan Boneh and Xavier Boyen},
  title	       = {Secure Identity Based Encryption Without Random
                  Oracles},
  booktitle    = {CRYPTO},
  year	       = 2004,
  pages	       = {443-459}
}

@InProceedings{DBLP:conf/eurocrypt/BonehB04a,
  author       = {Dan Boneh and Xavier Boyen},
  title	       = {Efficient Selective-{ID} Secure Identity-Based
                  Encryption Without Random Oracles},
  booktitle    = {EUROCRYPT},
  year	       = 2004,
  pages	       = {223-238}
}

@InProceedings{DBLP:conf/eurocrypt/HorwitzL02,
  author       = {Jeremy Horwitz and Ben Lynn},
  title	       = {Toward Hierarchical Identity-Based Encryption},
  booktitle    = {EUROCRYPT},
  year	       = 2002,
  pages	       = {466-481}
}

@InProceedings{DBLP:conf/ima/Cocks01,
  author       = {Clifford Cocks},
  title	       = {An Identity Based Encryption Scheme Based on
                  Quadratic Residues},
  booktitle    = {IMA Int. Conf.},
  year	       = 2001,
  pages	       = {360-363}
}

@Article{DBLP:journals/cj/HanaokaNZI02,
  author       = {Goichiro Hanaoka and Tsuyoshi Nishioka and Yuliang
                  Zheng and Hideki Imai},
  title	       = {A Hierarchical Non-interactive Key-Sharing Scheme
                  with Low Memory Size and High Resistance against
                  Collusion Attacks},
  journal      = {Comput. J.},
  volume       = 45,
  number       = 3,
  year	       = 2002,
  pages	       = {293-303}
}

@InProceedings{DBLP:conf/asiacrypt/HanaokaNZI99,
  author       = {Goichiro Hanaoka and Tsuyoshi Nishioka and Yuliang
                  Zheng and Hideki Imai},
  title	       = {An Efficient Hierarchical Identity-Based Key-Sharing
                  Method Resistant against Collusion-Attacks},
  booktitle    = {ASIACRYPT},
  year	       = 1999,
  pages	       = {348-362}
}
