@Unpublished{malkin09:_learn_overc_basis,
  author       = {Tal Malkin and Chris Peikert and Rocco A. Servedio
                  and Andrew Wan},
  title	       = {Learning an Overcomplete Basis: Analysis of
                  Lattice-Based Signatures with Perturbations},
  note	       = {Manuscript},
  year	       = 2009
}

@Misc{cryptoeprint:2010:137,
  author       = {Markus R{\"u}ckert and Michael Schneider},
  title	       = {Selecting Secure Parameters for Lattice-based
                  Cryptography},
  howpublished = {Cryptology ePrint Archive, Report 2010/137},
  year	       = 2010,
  note	       = {\url{http://eprint.iacr.org/}}
}

@Misc{cryptoeprint:2011:277,
  author       = {Zvika Brakerski and Craig Gentry and Vinod
                  Vaikuntanathan},
  title	       = {Fully Homomorphic Encryption without Bootstrapping},
  howpublished = {Cryptology ePrint Archive, Report 2011/277},
  year	       = 2011,
  note	       = {\url{http://eprint.iacr.org/}}
}

@Unpublished{pietrzak10:_subsp_lwe,
  author       = {Krzysztof Pietrzak},
  title	       = {Subspace {LWE}},
  note	       = {Manuscript.  Last retrieved from
                  \url{http://homepages.cwi.nl/~pietrzak/publications/SLWE.pdf}
                  on 28 June 2011.},
  year	       = 2010
}

@InProceedings{DBLP:conf/eurocrypt/Lyubashevsky12,
  author       = {Vadim Lyubashevsky},
  title	       = {Lattice signatures without trapdoors},
  booktitle    = {EUROCRYPT},
  year	       = 2012
}

@InProceedings{DBLP:conf/eurocrypt/MicciancioP12,
  author       = {Daniele Micciancio and Chris Peikert},
  title	       = {Trapdoors for Lattices: Simpler, Tighter, Faster,
                  Smaller},
  booktitle    = {EUROCRYPT},
  year	       = 2012
}

@InProceedings{DBLP:conf/eurocrypt/BanerjeePR12,
  author       = {Abhishek Banerjee and Chris Peikert and Alon Rosen},
  title	       = {Pseudorandom Functions and Lattices},
  booktitle    = {EUROCRYPT},
  year	       = 2012
}

@InProceedings{DBLP:conf/asiacrypt/ChenN11,
  author       = {Yuanmi Chen and Phong Q. Nguyen},
  title	       = {{BKZ} 2.0: Better Lattice Security Estimates},
  booktitle    = {ASIACRYPT},
  year	       = 2011,
  pages	       = {1-20}
}

@InProceedings{DBLP:conf/focs/BrakerskiV11,
  author       = {Zvika Brakerski and Vinod Vaikuntanathan},
  title	       = {Efficient Fully Homomorphic Encryption from
                  (Standard) {LWE}},
  booktitle    = {FOCS},
  year	       = 2011,
  pages	       = {97-106}
}

@InProceedings{DBLP:conf/focs/GentryH11,
  author       = {Craig Gentry and Shai Halevi},
  title	       = {Fully Homomorphic Encryption without Squashing Using
                  Depth-3 Arithmetic Circuits},
  booktitle    = {FOCS},
  year	       = 2011,
  pages	       = {107-109}
}

@InProceedings{DBLP:conf/pqcrypto/XieXZ11,
  author       = {Xiang Xie and Rui Xue and Rui Zhang},
  title	       = {Efficient Threshold Encryption from Lossy Trapdoor
                  Functions},
  booktitle    = {PQCrypto},
  year	       = 2011,
  pages	       = {163-178}
}

@InProceedings{DBLP:conf/crypto/BrakerskiV11,
  author       = {Zvika Brakerski and Vinod Vaikuntanathan},
  title	       = {Fully Homomorphic Encryption from Ring-{LWE} and
                  Security for Key Dependent Messages},
  booktitle    = {CRYPTO},
  year	       = 2011,
  pages	       = {505-524}
}

@InProceedings{DBLP:conf/crypto/MicciancioM11,
  author       = {Daniele Micciancio and Petros Mol},
  title	       = {Pseudorandom Knapsacks and the Sample Complexity of
                  {LWE} Search-to-Decision Reductions},
  booktitle    = {CRYPTO},
  year	       = 2011,
  pages	       = {465-484}
}

@InProceedings{DBLP:conf/ctrsa/LindnerP11,
  author       = {Richard Lindner and Chris Peikert},
  title	       = {Better Key Sizes (and Attacks) for {LWE}-Based
                  Encryption},
  booktitle    = {CT-RSA},
  year	       = 2011,
  pages	       = {319-339}
}

@InProceedings{DBLP:conf/asiacrypt/GordonKV10,
  author       = {S. Dov Gordon and Jonathan Katz and Vinod
                  Vaikuntanathan},
  title	       = {A Group Signature Scheme from Lattice Assumptions},
  booktitle    = {ASIACRYPT},
  year	       = 2010,
  pages	       = {395-412}
}

@InProceedings{DBLP:conf/crypto/Peikert10,
  author       = {Chris Peikert},
  title	       = {An Efficient and Parallel {Gaussian} Sampler for
                  Lattices},
  booktitle    = {CRYPTO},
  year	       = 2010,
  pages	       = {80-97}
}

@InProceedings{DBLP:conf/crypto/AgrawalBB10,
  author       = {Shweta Agrawal and Dan Boneh and Xavier Boyen},
  title	       = {Lattice Basis Delegation in Fixed Dimension and
                  Shorter-Ciphertext Hierarchical {IBE}},
  booktitle    = {CRYPTO},
  year	       = 2010,
  pages	       = {98-115}
}

@InProceedings{DBLP:conf/crypto/Gentry10,
  author       = {Craig Gentry},
  title	       = {Toward Basing Fully Homomorphic Encryption on
                  Worst-Case Hardness},
  booktitle    = {CRYPTO},
  year	       = 2010,
  pages	       = {116-137}
}

@InProceedings{DBLP:conf/eurocrypt/GamaNR10,
  author       = {Nicolas Gama and Phong Q. Nguyen and Oded Regev},
  title	       = {Lattice Enumeration Using Extreme Pruning},
  booktitle    = {EUROCRYPT},
  year	       = 2010,
  pages	       = {257-278}
}

@InProceedings{DBLP:conf/stoc/MicciancioV10,
  author       = {Daniele Micciancio and Panagiotis Voulgaris},
  title	       = {A deterministic single exponential time algorithm
                  for most lattice problems based on {Voronoi} cell
                  computations},
  booktitle    = {STOC},
  year	       = 2010,
  pages	       = {351-358}
}

@InProceedings{DBLP:conf/soda/MicciancioV10,
  author       = {Daniele Micciancio and Panagiotis Voulgaris},
  title	       = {Faster Exponential Time Algorithms for the Shortest
                  Vector Problem},
  booktitle    = {SODA},
  year	       = 2010,
  pages	       = {1468-1480}
}

@InProceedings{DBLP:conf/pqcrypto/Ruckert10,
  author       = {Markus R{\"u}ckert},
  title	       = {Strongly Unforgeable Signatures and Hierarchical
                  Identity-Based Signatures from Lattices without
                  Random Oracles},
  booktitle    = {PQCrypto},
  year	       = 2010,
  pages	       = {182-200}
}

@InProceedings{DBLP:conf/eurocrypt/GentryHV10,
  author       = {Craig Gentry and Shai Halevi and Vinod
                  Vaikuntanathan},
  title	       = {A Simple {BGN}-Type Cryptosystem from {LWE}},
  booktitle    = {EUROCRYPT},
  year	       = 2010,
  pages	       = {506-522}
}

@InProceedings{DBLP:conf/eurocrypt/LyubashevskyPR10,
  author       = {Vadim Lyubashevsky and Chris Peikert and Oded Regev},
  title	       = {On Ideal Lattices and Learning with Errors over
                  Rings},
  booktitle    = {EUROCRYPT},
  year	       = 2010,
  pages	       = {1-23}
}

@InProceedings{DBLP:conf/eurocrypt/CashHKP10,
  author       = {David Cash and Dennis Hofheinz and Eike Kiltz and
                  Chris Peikert},
  title	       = {Bonsai Trees, or How to Delegate a Lattice Basis},
  booktitle    = {EUROCRYPT},
  year	       = 2010,
  pages	       = {523-552}
}

@InProceedings{DBLP:conf/eurocrypt/AgrawalBB10,
  author       = {Shweta Agrawal and Dan Boneh and Xavier Boyen},
  title	       = {Efficient Lattice {(H)IBE} in the Standard Model},
  booktitle    = {EUROCRYPT},
  year	       = 2010,
  pages	       = {553-572}
}

@InProceedings{micciancio10:_duality_lbc,
  author       = {Daniele Micciancio},
  title	       = {Duality in Lattice Cryptography},
  booktitle    = {Public Key Cryptography},
  year	       = 2010,
  note	       = {Invited talk}
}

@InProceedings{DBLP:conf/pkc/Boyen10,
  author       = {Xavier Boyen},
  title	       = {Lattice Mixing and Vanishing Trapdoors: A Framework
                  for Fully Secure Short Signatures and More},
  booktitle    = {Public Key Cryptography},
  year	       = 2010,
  pages	       = {499-517}
}

@InProceedings{DBLP:conf/innovations/GoldwasserKPV10,
  author       = {Shafi Goldwasser and Yael Tauman Kalai and Chris
                  Peikert and Vinod Vaikuntanathan},
  title	       = {Robustness of the Learning with Errors Assumption},
  booktitle    = {ICS},
  year	       = 2010,
  pages	       = {230-240}
}

@InProceedings{DBLP:conf/tcc/BendlinD10,
  author       = {Rikke Bendlin and Ivan Damg{\aa}rd},
  title	       = {Threshold Decryption and Zero-Knowledge Proofs for
                  Lattice-Based Cryptosystems},
  booktitle    = {TCC},
  year	       = 2010,
  pages	       = {201-218}
}

@InProceedings{DBLP:conf/asiacrypt/KatzV09,
  author       = {Jonathan Katz and Vinod Vaikuntanathan},
  title	       = {Smooth Projective Hashing and Password-Based
                  Authenticated Key Exchange from Lattices},
  booktitle    = {ASIACRYPT},
  year	       = 2009,
  pages	       = {636-652}
}

@Unpublished{agrawal09:_ident_based_encry_from_lattic,
  author       = {Shweta Agrawal and Xavier Boyen},
  title	       = {Identity-Based Encryption from Lattices in the
                  Standard Model},
  note	       = {Manuscript},
  month	       = {July},
  year	       = 2009
}

@Misc{cryptoeprint:2009:351,
  author       = {David Cash and Dennis Hofheinz and Eike Kiltz},
  title	       = {How to Delegate a Lattice Basis},
  howpublished = {Cryptology ePrint Archive, Report 2009/351},
  year	       = 2009,
  note	       = {\url{http://eprint.iacr.org/}},
  month	       = {July}
}

@Misc{cryptoeprint:2009:359,
  author       = {Chris Peikert},
  title	       = {Bonsai Trees (or, Arboriculture in Lattice-Based
                  Cryptography)},
  howpublished = {Cryptology ePrint Archive, Report 2009/359},
  year	       = 2009,
  note	       = {\url{http://eprint.iacr.org/}},
  month	       = {July}
}

@InProceedings{DBLP:conf/asiacrypt/Lyubashevsky09,
  author       = {Vadim Lyubashevsky},
  title	       = {Fiat-{Shamir} with Aborts: Applications to Lattice
                  and Factoring-Based Signatures},
  booktitle    = {ASIACRYPT},
  year	       = 2009,
  pages	       = {598-616}
}

@InProceedings{DBLP:conf/asiacrypt/StehleSTX09,
  author       = {Damien Stehl{\'e} and Ron Steinfeld and Keisuke
                  Tanaka and Keita Xagawa},
  title	       = {Efficient Public Key Encryption Based on Ideal
                  Lattices},
  booktitle    = {ASIACRYPT},
  year	       = 2009,
  pages	       = {617-635}
}

@Article{DBLP:journals/jacm/Regev09,
  author       = {Oded Regev},
  title	       = {On lattices, learning with errors, random linear
                  codes, and cryptography},
  journal      = {J. ACM},
  volume       = 56,
  number       = 6,
  year	       = 2009,
  note	       = {Preliminary version in STOC 2005},
  prelimyear   = 2005,
  pages	       = {1-40}
}

@InProceedings{DBLP:conf/crypto/LyubashevskyM09,
  author       = {Vadim Lyubashevsky and Daniele Micciancio},
  title	       = {On Bounded Distance Decoding, Unique Shortest
                  Vectors, and the Minimum Distance Problem},
  booktitle    = {CRYPTO},
  year	       = 2009,
  pages	       = {577-594}
}

@InProceedings{DBLP:conf/crypto/ApplebaumCPS09,
  author       = {Benny Applebaum and David Cash and Chris Peikert and
                  Amit Sahai},
  title	       = {Fast Cryptographic Primitives and Circular-Secure
                  Encryption Based on Hard Learning Problems},
  booktitle    = {CRYPTO},
  year	       = 2009,
  pages	       = {595-618}
}

@InProceedings{DBLP:conf/stoc/Peikert09,
  author       = {Chris Peikert},
  title	       = {Public-key cryptosystems from the worst-case
                  shortest vector problem},
  booktitle    = {STOC},
  year	       = 2009,
  pages	       = {333-342}
}

@InProceedings{DBLP:conf/stoc/Gentry09,
  author       = {Craig Gentry},
  title	       = {Fully homomorphic encryption using ideal lattices},
  booktitle    = {STOC},
  year	       = 2009,
  pages	       = {169-178}
}

@PhdThesis{GentryThesis09,
  author       = {Craig Gentry},
  title	       = {A fully homomorphic encryption scheme},
  school       = {Stanford University},
  year	       = 2009,
  note	       = {\url{crypto.stanford.edu/craig}}
} 

@InProceedings{DBLP:conf/pkc/Lyubashevsky08,
  author       = {Vadim Lyubashevsky},
  title	       = {Lattice-Based Identification Schemes Secure Under
                  Active Attacks},
  booktitle    = {Public Key Cryptography},
  year	       = 2008,
  pages	       = {162-179}
}

@InProceedings{DBLP:conf/fsttcs/ArvindJ08,
  author       = {Vikraman Arvind and Pushkar S. Joglekar},
  title	       = {Some Sieving Algorithms for Lattice Problems},
  booktitle    = {FSTTCS},
  year	       = 2008,
  pages	       = {25-36}
}

@InProceedings{DBLP:conf/asiacrypt/KawachiTX08,
  author       = {Akinori Kawachi and Keisuke Tanaka and Keita Xagawa},
  title	       = {Concurrently Secure Identification Schemes Based on
                  the Worst-Case Hardness of Lattice Problems},
  booktitle    = {ASIACRYPT},
  year	       = 2008,
  pages	       = {372-389}
}

@InProceedings{DBLP:conf/tcc/AkaviaGV09,
  author       = {Adi Akavia and Shafi Goldwasser and Vinod
                  Vaikuntanathan},
  title	       = {Simultaneous Hardcore Bits and Cryptography against
                  Memory Attacks},
  booktitle    = {TCC},
  year	       = 2009,
  pages	       = {474-495}
}

@Article{alwen11:_gener_short_bases,
  author       = {Jo{\"e}l Alwen and Chris Peikert},
  title	       = {Generating Shorter Bases for Hard Random Lattices},
  journal      = {Theory of Computing Systems},
  year	       = 2011,
  volume       = 48,
  number       = 3,
  pages	       = {535-553},
  month	       = {April},
  note	       = {Preliminary version in STACS 2009},
  prelimyear   = 2009
}

@InCollection{MR09:_post_quant_crypt,
  author       = {Daniele Micciancio and Oded Regev},
  title	       = {Lattice-based Cryptography},
  booktitle    = {Post Quantum Cryptography},
  pages	       = {147-191},
  publisher    = {Springer},
  year	       = 2009,
  type	       = {Chapter on},
  month	       = {February}
}

@Misc{regev08-personal-comm,
  author       = {Oded Regev},
  month	       = {December},
  year	       = 2008,
  note	       = {Personal communication}
}

@InProceedings{DBLP:conf/soda/Micciancio08,
  author       = {Daniele Micciancio},
  title	       = {Efficient reductions among lattice problems},
  booktitle    = {SODA},
  year	       = 2008,
  pages	       = {84-93}
}

@Article{DBLP:journals/eccc/Peikert08,
  author       = {Chris Peikert},
  title	       = {Public-Key Cryptosystems from the Worst-Case
                  Shortest Vector Problem},
  journal      = {Electronic Colloquium on Computational Complexity
                  (ECCC)},
  volume       = 15,
  number       = 100,
  year	       = 2008
}

@Article{DBLP:journals/eccc/ECCC-TR07-097,
  author       = {Mikl{\'o}s Ajtai and Cynthia Dwork},
  title	       = {The First and Fourth Public-Key Cryptosystems with
                  Worst-Case/Average-Case Equivalence},
  journal      = {Electronic Colloquium on Computational Complexity
                  (ECCC)},
  year	       = 2007,
  volume       = 14,
  number       = 97
}

@InProceedings{DBLP:conf/eurocrypt/GamaN08,
  author       = {Nicolas Gama and Phong Q. Nguyen},
  title	       = {Predicting Lattice Reduction},
  booktitle    = {EUROCRYPT},
  year	       = 2008,
  pages	       = {31-51}
}

@InProceedings{DBLP:conf/crypto/PeikertV08,
  author       = {Chris Peikert and Vinod Vaikuntanathan},
  title	       = {Noninteractive Statistical Zero-Knowledge Proofs for
                  Lattice Problems},
  booktitle    = {CRYPTO},
  year	       = 2008,
  pages	       = {536-553}
}

@InProceedings{DBLP:conf/stoc/GentryPV08,
  author       = {Craig Gentry and Chris Peikert and Vinod
                  Vaikuntanathan},
  title	       = {Trapdoors for hard lattices and new cryptographic
                  constructions},
  booktitle    = {STOC},
  year	       = 2008,
  pages	       = {197-206}
}

@Article{nguyen08:_sieve_algor_for_short_vector,
  author       = {Phong Q. Nguyen and Thomas Vidick},
  title	       = {Sieve Algorithms for the Shortest Vector Problem Are
                  Practical},
  journal      = {Journal of Mathematical Cryptology},
  year	       = 2008,
  note	       = {To appear.}
}

@InProceedings{DBLP:conf/soda/Klein00,
  author       = {Philip N. Klein},
  title	       = {Finding the closest lattice vector when it's
                  unusually close},
  booktitle    = {SODA},
  year	       = 2000,
  pages	       = {937-941}
}

@InProceedings{DBLP:conf/focs/KlivansS06,
  author       = {Adam R. Klivans and Alexander A. Sherstov},
  title	       = {Cryptographic Hardness for Learning Intersections of
                  Halfspaces},
  booktitle    = {FOCS},
  year	       = 2006,
  pages	       = {553-562}
}

@InProceedings{DBLP:conf/pkc/KawachiTX07,
  author       = {Akinori Kawachi and Keisuke Tanaka and Keita Xagawa},
  title	       = {Multi-bit Cryptosystems Based on Lattice Problems},
  booktitle    = {Public Key Cryptography},
  year	       = 2007,
  pages	       = {315-329}
}

@Article{DBLP:journals/joc/JouxS98,
  author       = {Antoine Joux and Jacques Stern},
  title	       = {Lattice Reduction: A Toolbox for the Cryptanalyst},
  journal      = {J. Cryptology},
  volume       = 11,
  number       = 3,
  year	       = 1998,
  pages	       = {161-185}
}

@InProceedings{DBLP:conf/calc/NguyenS01,
  author       = {Phong Q. Nguyen and Jacques Stern},
  title	       = {The Two Faces of Lattices in Cryptology},
  booktitle    = {CaLC},
  year	       = 2001,
  pages	       = {146-180}
}

@InProceedings{DBLP:conf/ants/NguyenS00,
  author       = {Phong Q. Nguyen and Jacques Stern},
  title	       = {Lattice Reduction in Cryptology: An Update},
  booktitle    = {ANTS},
  year	       = 2000,
  pages	       = {85-112}
}

@InProceedings{DBLP:conf/icalp/Ajtai99,
  author       = {Mikl{\'o}s Ajtai},
  title	       = {Generating Hard Instances of the Short Basis
                  Problem},
  booktitle    = {ICALP},
  year	       = 1999,
  pages	       = {1-9}
}

@InProceedings{DBLP:conf/crypto/MicciancioV03,
  author       = {Daniele Micciancio and Salil P. Vadhan},
  title	       = {Statistical Zero-Knowledge Proofs with Efficient
                  Provers: Lattice Problems and More},
  booktitle    = {CRYPTO},
  year	       = 2003,
  pages	       = {282-298}
}

@InProceedings{DBLP:conf/icalp/BlomerN07,
  author       = {Johannes Bl{\"o}mer and Stefanie Naewe},
  title	       = {Sampling Methods for Shortest Vectors, Closest
                  Vectors and Successive Minima},
  booktitle    = {ICALP},
  year	       = 2007,
  pages	       = {65-77}
}

@InProceedings{DBLP:conf/tcc/PeikertR06,
  author       = {Chris Peikert and Alon Rosen},
  title	       = {Efficient Collision-Resistant Hashing from
                  Worst-Case Assumptions on Cyclic Lattices},
  booktitle    = {TCC},
  year	       = 2006,
  pages	       = {145-166}
}

@Misc{lyubashevsky06:_provab_secur_fft_hashin,
  author       = {Vadim Lyubashevsky and Daniele Micciancio and Chris
                  Peikert and Alon Rosen},
  title	       = {Provably Secure {FFT} Hashing},
  howpublished = {NIST Second Cryptographic Hash Workshop},
  month	       = {August},
  year	       = 2006
}

@Unpublished{aglmpr08:_swifftx,
  author       = {Yuriy Arbitman and Gil Dogon and Vadim Lyubashevsky
                  and Daniele Micciancio and Chris Peikert and Alon
                  Rosen},
  title	       = {{SWIFFTX}: A Proposal for the {SHA}-3 Standard},
  note	       = {Submitted to NIST SHA-3 competition},
  year	       = 2008
}

@InProceedings{DBLP:conf/fse/LyubashevskyMPR08,
  author       = {Vadim Lyubashevsky and Daniele Micciancio and Chris
                  Peikert and Alon Rosen},
  title	       = {{SWIFFT}: A Modest Proposal for {FFT} Hashing},
  booktitle    = {FSE},
  year	       = 2008,
  pages	       = {54-72}
}

@InProceedings{DBLP:conf/approx/LiuLM06,
  author       = {Yi-Kai Liu and Vadim Lyubashevsky and Daniele
                  Micciancio},
  title	       = {On Bounded Distance Decoding for General Lattices},
  booktitle    = {APPROX-RANDOM},
  year	       = 2006,
  pages	       = {450-461}
}

@Article{DBLP:journals/siamcomp/Kuperberg05,
  author       = {Greg Kuperberg},
  title	       = {A Subexponential-Time Quantum Algorithm for the
                  Dihedral Hidden Subgroup Problem},
  journal      = {SIAM J. Comput.},
  volume       = 35,
  number       = 1,
  year	       = 2005,
  pages	       = {170-188}
}

@Article{DBLP:journals/tsp/PuschelM08,
  author       = {Markus P{\"u}schel and Jos{\'e} M. F. Moura},
  title	       = {Algebraic Signal Processing Theory: {Cooley}-{Tukey}
                  Type Algorithms for {DCTs} and {DSTs}},
  journal      = {IEEE Transactions on Signal Processing},
  volume       = 56,
  number       = 4,
  year	       = 2008,
  pages	       = {1502-1521}
}

@Article{Pueschel:05,
  author       = {Markus P{\"u}schel and Jos{\'e} M. F. Moura and
                  Jeremy Johnson and David Padua and Manuela Veloso
                  and Bryan Singer and Jianxin Xiong and Franz
                  Franchetti and Aca Gacic and Yevgen Voronenko and
                  Kang Chen and Robert W. Johnson and Nicholas
                  Rizzolo},
  title	       = {{SPIRAL}: Code Generation for {DSP} Transforms},
  journal      = {Proceedings of the IEEE, special issue on ``Program
                  Generation, Optimization, and Adaptation''},
  volume       = 93,
  number       = 2,
  pages	       = {232-275},
  year	       = 2005
}

@InProceedings{Franchetti:09,
  author       = {Franz Franchetti and Fr{\'e}d{\'e}ric {de Mesmay}
                  and Daniel McFarlin and Markus P{\"u}schel},
  title	       = {Operator Language: A Program Generation Framework
                  for Fast Kernels},
  booktitle    = {IFIP Working Conference on Domain Specific Languages
                  (DSL WC)},
  publisher    = {Springer},
  series       = {Lecture Notes in Computer Science},
  volume       = 5658,
  pages	       = {385-410},
  year	       = 2009
}

@Article{DBLP:journals/siamcomp/Regev04,
  author       = {Oded Regev},
  title	       = {Quantum Computation and Lattice Problems},
  journal      = {SIAM J. Comput.},
  volume       = 33,
  number       = 3,
  year	       = 2004,
  pages	       = {738-760},
  note	       = {Preliminary version in FOCS 2002},
  prelimyear   = 2002
}

@InProceedings{DBLP:conf/stacs/Schnorr03,
  author       = {Claus-Peter Schnorr},
  title	       = {Lattice Reduction by Random Sampling and Birthday
                  Methods},
  booktitle    = {STACS},
  year	       = 2003,
  pages	       = {145-156}
}

@InProceedings{DBLP:conf/stoc/BlomerS99,
  author       = {Johannes Bl{\"o}mer and Jean-Pierre Seifert},
  title	       = {On the Complexity of Computing Short Linearly
                  Independent Vectors and Short Bases in a Lattice},
  booktitle    = {STOC},
  year	       = 1999,
  pages	       = {711-720}
}

@InProceedings{DBLP:conf/crypto/GoldreichGH97a,
  author       = {Oded Goldreich and Shafi Goldwasser and Shai Halevi},
  title	       = {Public-Key Cryptosystems from Lattice Reduction
                  Problems},
  booktitle    = {CRYPTO},
  year	       = 1997,
  pages	       = {112-131}
}

@InProceedings{DBLP:conf/crypto/Wagner02,
  author       = {David Wagner},
  title	       = {A Generalized Birthday Problem},
  booktitle    = {CRYPTO},
  year	       = 2002,
  pages	       = {288-303}
}

@InProceedings{DBLP:conf/calc/Micciancio01,
  author       = {Daniele Micciancio},
  title	       = {Improving Lattice Based Cryptosystems Using the
                  {Hermite} Normal Form},
  booktitle    = {CaLC},
  year	       = 2001,
  pages	       = {126-145}
}

@InProceedings{DBLP:conf/issac/MicciancioW01,
  author       = {Daniele Micciancio and Bogdan Warinschi},
  title	       = {A linear space algorithm for computing the {Hermite}
                  normal form},
  booktitle    = {ISSAC},
  year	       = 2001,
  pages	       = {231-236}
}

@InProceedings{DBLP:conf/stoc/AjtaiKS01,
  author       = {Mikl{\'o}s Ajtai and Ravi Kumar and D. Sivakumar},
  title	       = {A sieve algorithm for the shortest lattice vector
                  problem},
  booktitle    = {STOC},
  year	       = 2001,
  pages	       = {601-610}
}

@InProceedings{DBLP:conf/coco/AjtaiKS02,
  author       = {Mikl{\'o}s Ajtai and Ravi Kumar and D. Sivakumar},
  title	       = {Sampling Short Lattice Vectors and the Closest
                  Lattice Vector Problem},
  booktitle    = {IEEE Conference on Computational Complexity},
  year	       = 2002,
  pages	       = {53-57}
}

@InProceedings{DBLP:conf/focs/CaiN97,
  author       = {Jin-Yi Cai and Ajay Nerurkar},
  title	       = {An Improved Worst-Case to Average-Case Connection
                  for Lattice Problems},
  booktitle    = {FOCS},
  year	       = 1997,
  pages	       = {468-477},
  ee	       =
                  {http://computer.org/proceedings/focs/8197/81970468abs.htm},
  bibsource    = {DBLP, http://dblp.uni-trier.de}
}

@Article{DBLP:journals/tcs/Cai98,
  author       = {Jin-Yi Cai},
  title	       = {A Relation of Primal-Dual Lattices and the
                  Complexity of Shortest Lattice Vector Problem},
  journal      = {Theor. Comput. Sci.},
  volume       = 207,
  number       = 1,
  year	       = 1998,
  pages	       = {105-116}
}

@Article{DBLP:journals/cc/Micciancio07,
  author       = {Daniele Micciancio},
  title	       = {Generalized Compact Knapsacks, Cyclic Lattices, and
                  Efficient One-Way Functions},
  journal      = {Computational Complexity},
  volume       = 16,
  number       = 4,
  year	       = 2007,
  pages	       = {365-411},
  note	       = {Preliminary version in FOCS 2002},
  prelimyear   = 2002
}

@Article{lagarias90:_korkin_zolot_bases_and_succes,
  author       = {J. C. Lagarias and Hendrik W. Lenstra Jr. and
                  Claus-Peter Schnorr},
  title	       = {{Korkin-Zolotarev} bases and successive minima of a
                  lattice and its reciprocal lattice.},
  journal      = {Combinatorica},
  volume       = 10,
  number       = 4,
  year	       = 1990,
  pages	       = {333-348}
}

@Article{DBLP:journals/siamcomp/MicciancioR07,
  author       = {Daniele Micciancio and Oded Regev},
  title	       = {Worst-Case to Average-Case Reductions Based on
                  {Gaussian} Measures.},
  journal      = {SIAM J. Comput.},
  volume       = 37,
  number       = 1,
  year	       = 2007,
  pages	       = {267-302},
  note	       = {Preliminary version in FOCS 2004},
  prelimyear   = 2004
}

@InProceedings{DBLP:conf/icalp/LyubashevskyM06,
  author       = {Vadim Lyubashevsky and Daniele Micciancio},
  title	       = {Generalized Compact Knapsacks Are Collision
                  Resistant},
  booktitle    = {ICALP (2)},
  year	       = 2006,
  pages	       = {144-155}
}

@InProceedings{DBLP:conf/tcc/LyubashevskyM08,
  author       = {Vadim Lyubashevsky and Daniele Micciancio},
  title	       = {Asymptotically Efficient Lattice-Based Digital
                  Signatures},
  booktitle    = {TCC},
  year	       = 2008,
  pages	       = {37-54}
}

@InProceedings{DBLP:conf/stoc/Ajtai05,
  author       = {Mikl{\'o}s Ajtai},
  title	       = {Representing hard lattices with {$O(n \log n)$}
                  bits},
  booktitle    = {STOC},
  year	       = 2005,
  pages	       = {94-103}
}

@Article{ajtai04:_gener_hard_instan_lattic_probl,
  author       = {Mikl{\'o}s Ajtai},
  title	       = {Generating Hard Instances of Lattice Problems},
  journal      = {Quaderni di Matematica},
  year	       = 2004,
  volume       = 13,
  pages	       = {1-32},
  note	       = {Preliminary version in STOC 1996},
  prelimyear   = 1996
}

@Article{goldstein03:_equid_of_hecke_point,
  author       = {Daniel Goldstein and Andrew Mayer},
  title	       = {On the equidistribution of Hecke points},
  journal      = {Forum Mathematicum},
  year	       = 2003,
  volume       = 15,
  number       = 2,
  pages	       = {165-189}
}

@InProceedings{DBLP:conf/stoc/Ajtai98,
  author       = {Mikl{\'o}s Ajtai},
  title	       = {The Shortest Vector Problem in {$L_{2}$} is
                  {NP}-hard for Randomized Reductions (Extended
                  Abstract)},
  booktitle    = {STOC},
  year	       = 1998,
  pages	       = {10-19}
}

@InProceedings{DBLP:conf/stoc/AjtaiD97,
  author       = {Mikl{\'o}s Ajtai and Cynthia Dwork},
  title	       = {A Public-Key Cryptosystem with
                  Worst-Case/Average-Case Equivalence},
  booktitle    = {STOC},
  year	       = 1997,
  pages	       = {284-293}
}

@InProceedings{DBLP:conf/stoc/RegevR06,
  author       = {Oded Regev and Ricky Rosen},
  title	       = {Lattice problems and norm embeddings},
  booktitle    = {STOC},
  year	       = 2006,
  pages	       = {447-456}
}

@Article{DBLP:journals/tit/Regev04,
  author       = {Oded Regev},
  title	       = {Improved Inapproximability of Lattice and Coding
                  Problems With Preprocessing},
  journal      = {IEEE Transactions on Information Theory},
  volume       = 50,
  number       = 9,
  year	       = 2004,
  pages	       = {2031-2037}
}

@Article{DBLP:journals/jcss/FeigeM04,
  author       = {Uriel Feige and Daniele Micciancio},
  title	       = {The inapproximability of lattice and coding problems
                  with preprocessing},
  journal      = {J. Comput. Syst. Sci.},
  volume       = 69,
  number       = 1,
  year	       = 2004,
  pages	       = {45-67},
  note	       = {Preliminary version in CCC 2002},
  prelimyear   = 2002
}

@Article{DBLP:journals/tit/Micciancio01,
  author       = {Daniele Micciancio},
  title	       = {The hardness of the closest vector problem with
                  preprocessing},
  journal      = {IEEE Transactions on Information Theory},
  volume       = 47,
  number       = 3,
  year	       = 2001,
  pages	       = {1212-1215}
}

@Article{DBLP:journals/combinatorica/DinurKRS03,
  author       = {Irit Dinur and Guy Kindler and Ran Raz and Shmuel
                  Safra},
  title	       = {Approximating {CVP} to Within Almost-Polynomial
                  Factors is {NP}-Hard},
  journal      = {Combinatorica},
  volume       = 23,
  number       = 2,
  year	       = 2003,
  pages	       = {205-243},
  note	       = {Preliminary version in FOCS 1998},
  prelimyear   = 1998
}

@Article{DBLP:journals/tcs/Dinur02,
  author       = {Irit Dinur},
  title	       = {Approximating {SVP}$_{\infty}$ to within
                  almost-polynomial factors is {NP}-hard},
  journal      = {Theor. Comput. Sci.},
  volume       = 285,
  number       = 1,
  year	       = 2002,
  pages	       = {55-71},
  note	       = {Preliminary version in CIAC 2000},
  prelimyear   = 2000
}

@Article{DBLP:journals/jcss/GoldreichG00,
  author       = {Oded Goldreich and Shafi Goldwasser},
  title	       = {On the Limits of Nonapproximability of Lattice
                  Problems},
  journal      = {J. Comput. Syst. Sci.},
  volume       = 60,
  number       = 3,
  year	       = 2000,
  pages	       = {540-563},
  note	       = {Preliminary version in STOC 1998},
  prelimyear   = 1998
}

@Article{DBLP:journals/mp/SchnorrE94,
  author       = {Claus-Peter Schnorr and M. Euchner},
  title	       = {Lattice basis reduction: Improved practical
                  algorithms and solving subset sum problems},
  journal      = {Mathmatical Programming},
  volume       = 66,
  year	       = 1994,
  pages	       = {181-199}
}

@InProceedings{odlyzko90:_rise_and_fall_of_knaps_crypt,
  author       = {Andrew M. Odlyzko},
  title	       = {The rise and fall of knapsack cryptosystems},
  booktitle    = {Cryptology and Computational Number Theory},
  pages	       = {75-88},
  year	       = 1990,
  editor       = {C. Pomerance},
  volume       = 42,
  series       = {Proceedings of Symposia in Applied Mathematics}
}

@Article{DBLP:journals/tcs/Schnorr87,
  author       = {Claus-Peter Schnorr},
  title	       = {A Hierarchy of Polynomial Time Lattice Basis
                  Reduction Algorithms},
  journal      = {Theor. Comput. Sci.},
  volume       = 53,
  year	       = 1987,
  pages	       = {201-224}
}

@Article{DBLP:journals/siamcomp/Micciancio04,
  author       = {Daniele Micciancio},
  title	       = {Almost Perfect Lattices, the Covering Radius
                  Problem, and Applications to {Ajtai's} Connection
                  Factor},
  journal      = {SIAM J. Comput.},
  volume       = 34,
  number       = 1,
  year	       = 2004,
  pages	       = {118-169}
}

@Article{kannan87:_minkow_convex_body_theor_and_integ_progr,
  author       = {Ravi Kannan},
  title	       = {{Minkowski's} convex body theorem and integer
                  programming},
  journal      = {Mathematics of operations research},
  year	       = 1987,
  volume       = 12,
  number       = 3,
  pages	       = {415-440},
  month	       = {August},
  note	       = 1987
}

@Article{lenstra83:_integ_progr_with_fixed_number_of_variab,
  author       = {Hendrik W. Lenstra},
  title	       = {Integer programming with a fixed number of
                  variables},
  journal      = {Mathematics of Operations Research},
  year	       = 1983,
  volume       = 8,
  number       = 4,
  pages	       = {538-548},
  month	       = {November}
}

@Article{lenstra82:_factor,
  author       = {Arjen K. Lenstra and Lenstra, Jr., Hendrik W. and
                  L\'{a}szl\'{o} Lov\'{a}sz},
  title	       = {Factoring polynomials with rational coefficients},
  journal      = {Mathematische Annalen},
  year	       = 1982,
  volume       = 261,
  number       = 4,
  pages	       = {515-534},
  month	       = {December}
}

@Article{DBLP:journals/jacm/AharonovR05,
  author       = {Dorit Aharonov and Oded Regev},
  title	       = {Lattice problems in {NP} $\cap$ {coNP}},
  journal      = {J. ACM},
  volume       = 52,
  number       = 5,
  year	       = 2005,
  pages	       = {749-765},
  note	       = {Preliminary version in FOCS 2004},
  prelimyear   = 2004
}

@Article{banaszczyk93:_new,
  author       = {Wojciech Banaszczyk},
  title	       = {New bounds in some transference theorems in the
                  geometry of numbers},
  journal      = {Mathematische Annalen},
  year	       = 1993,
  volume       = 296,
  number       = 4,
  pages	       = {625-635}
}

@Article{DBLP:journals/dcg/Banaszczyk95,
  author       = {Wojciech Banaszczyk},
  title	       = {Inequalites for Convex Bodies and Polar Reciprocal
                  Lattices in {$R^n$}},
  journal      = {Discrete {\&} Computational Geometry},
  volume       = 13,
  year	       = 1995,
  pages	       = {217-231}
}

@Article{DBLP:journals/combinatorica/Babai86,
  author       = {L{\'a}szl{\'o} Babai},
  title	       = {On {Lov{\'a}sz'} lattice reduction and the nearest
                  lattice point problem},
  journal      = {Combinatorica},
  volume       = 6,
  number       = 1,
  year	       = 1986,
  pages	       = {1-13},
  note	       = {Preliminary version in STACS 1985},
  prelimyear   = 1985
}

@Article{DBLP:journals/dam/Cai03,
  author       = {Jin-Yi Cai},
  title	       = {A new transference theorem in the geometry of
                  numbers and new bounds for {Ajtai's} connection
                  factor},
  journal      = {Discrete Applied Mathematics},
  volume       = 126,
  number       = 1,
  year	       = 2003,
  pages	       = {9-31},
  note	       = {Preliminary version in CCC 1999},
  prelimyear   = 1999
}

@Article{DBLP:journals/ipl/GoldreichMSS99,
  author       = {Oded Goldreich and Daniele Micciancio and Shmuel
                  Safra and Jean-Pierre Seifert},
  title	       = {Approximating Shortest Lattice Vectors is not Harder
                  than Approximating Closest Lattice Vectors},
  journal      = {Inf. Process. Lett.},
  volume       = 71,
  number       = 2,
  year	       = 1999,
  pages	       = {55-61}
}

@Article{DBLP:journals/siamdm/KumarS03,
  author       = {Ravi Kumar and D. Sivakumar},
  title	       = {On Polynomial-Factor Approximations to the Shortest
                  Lattice Vector Length},
  journal      = {SIAM J. Discrete Math.},
  volume       = 16,
  number       = 3,
  year	       = 2003,
  pages	       = {422-425},
  note	       = {Preliminary version in SODA 2001},
  prelimyear   = 2001
}

@InProceedings{DBLP:conf/focs/AharonovR03,
  author       = {Dorit Aharonov and Oded Regev},
  title	       = {A Lattice Problem in Quantum {NP}},
  booktitle    = {FOCS},
  year	       = 2003,
  pages	       = {210-219}
}

@Article{DBLP:journals/cc/GuruswamiMR05,
  author       = {Venkatesan Guruswami and Daniele Micciancio and Oded
                  Regev},
  title	       = {The complexity of the covering radius problem},
  journal      = {Computational Complexity},
  volume       = 14,
  number       = 2,
  year	       = 2005,
  pages	       = {90-121},
  note	       = {Preliminary version in CCC 2004},
  prelimyear   = 2004
}

@InProceedings{DBLP:conf/coco/HavivR06,
  author       = {Ishay Haviv and Oded Regev},
  title	       = {Hardness of the Covering Radius Problem on Lattices},
  booktitle    = {IEEE Conference on Computational Complexity},
  year	       = 2006,
  pages	       = {145-158}
}

@InProceedings{DBLP:conf/focs/AlekhnovichKKV05,
  author       = {Mikhail Alekhnovich and Subhash Khot and Guy Kindler
                  and Nisheeth K. Vishnoi},
  title	       = {Hardness of Approximating the Closest Vector Problem
                  with Pre-Processing},
  booktitle    = {FOCS},
  year	       = 2005,
  pages	       = {216-225}
}

@InProceedings{DBLP:conf/ctrsa/HoffsteinHPSW03,
  author       = {Jeffrey Hoffstein and Nick Howgrave-Graham and Jill
                  Pipher and Joseph H. Silverman and William Whyte},
  title	       = {{NTRUSIGN}: Digital Signatures Using the {NTRU}
                  Lattice},
  booktitle    = {CT-RSA},
  year	       = 2003,
  pages	       = {122-140}
}

@InProceedings{DBLP:conf/ants/HoffsteinPS98,
  author       = {Jeffrey Hoffstein and Jill Pipher and Joseph
                  H. Silverman},
  title	       = {{NTRU}: A Ring-Based Public Key Cryptosystem},
  booktitle    = {ANTS},
  year	       = 1998,
  pages	       = {267-288}
}

@Article{DBLP:journals/joc/NguyenR09,
  author       = {Phong Q. Nguyen and Oded Regev},
  title	       = {Learning a Parallelepiped: Cryptanalysis of {GGH}
                  and {NTRU} Signatures},
  journal      = {J. Cryptology},
  volume       = 22,
  number       = 2,
  year	       = 2009,
  pages	       = {139-160},
  note	       = {Preliminary version in Eurocrypt 2006},
  prelimyear   = 2006
}

@InProceedings{DBLP:conf/crypto/Nguyen99,
  author       = {Phong Q. Nguyen},
  title	       = {Cryptanalysis of the {Goldreich-Goldwasser-Halevi}
                  Cryptosystem from {Crypto} '97},
  booktitle    = {CRYPTO},
  year	       = 1999,
  pages	       = {288-304}
}

@Article{DBLP:journals/eccc/ECCC-TR96-042,
  author       = {Oded Goldreich and Shafi Goldwasser and Shai Halevi},
  title	       = {Collision-Free Hashing from Lattice Problems},
  journal      = {Electronic Colloquium on Computational Complexity
                  (ECCC)},
  volume       = 3,
  number       = 42,
  year	       = 1996
}

@Article{DBLP:journals/jacm/Khot05,
  author       = {Subhash Khot},
  title	       = {Hardness of approximating the shortest vector
                  problem in lattices},
  journal      = {J. ACM},
  volume       = 52,
  number       = 5,
  year	       = 2005,
  pages	       = {789-808},
  note	       = {Preliminary version in FOCS 2003},
  prelimyear   = 2003
}

@Article{DBLP:journals/jacm/Regev04,
  author       = {Oded Regev},
  title	       = {New lattice-based cryptographic constructions},
  journal      = {J. ACM},
  volume       = 51,
  number       = 6,
  year	       = 2004,
  pages	       = {899-942},
  note	       = {Preliminary version in STOC 2003},
  prelimyear   = 2003
}

@Article{DBLP:journals/jcss/AroraBSS97,
  author       = {Sanjeev Arora and L{\'a}szl{\'o} Babai and Jacques
                  Stern and Z. Sweedyk},
  title	       = {The Hardness of Approximate Optima in Lattices,
                  Codes, and Systems of Linear Equations},
  journal      = {J. Comput. Syst. Sci.},
  volume       = 54,
  number       = 2,
  year	       = 1997,
  pages	       = {317-331},
  note	       = {Preliminary version in FOCS 1993},
  prelimyear   = 1993
}

@Article{DBLP:journals/jcss/CaiN99,
  author       = {Jin-Yi Cai and Ajay Nerurkar},
  title	       = {Approximating the {SVP} to within a Factor
                  (1+1/dim$^{\epsilon}$) Is {NP}-Hard under Randomized
                  Reductions},
  journal      = {J. Comput. Syst. Sci.},
  volume       = 59,
  number       = 2,
  year	       = 1999,
  pages	       = {221-239},
  note	       = {Preliminary version in CCC 1998},
  prelimyear   = 1998
}

@Article{DBLP:journals/jcss/Khot06,
  author       = {Subhash Khot},
  title	       = {Hardness of approximating the Shortest Vector
                  Problem in high {\it $L_{p}$} norms},
  journal      = {J. Comput. Syst. Sci.},
  volume       = 72,
  number       = 2,
  year	       = 2006,
  pages	       = {206-219},
  note	       = {Preliminary version in FOCS 2003},
  prelimyear   = 2003
}

@Article{DBLP:journals/siamcomp/Micciancio00,
  author       = {Daniele Micciancio},
  title	       = {The Shortest Vector in a Lattice is Hard to
                  Approximate to within Some Constant},
  journal      = {SIAM J. Comput.},
  volume       = 30,
  number       = 6,
  year	       = 2000,
  pages	       = {2008-2035},
  note	       = {Preliminary version in FOCS 1998},
  prelimyear   = 1998
}

@Book{MGbook,
  author       = {Daniele Micciancio and Shafi Goldwasser},
  title	       = {Complexity of Lattice Problems: a cryptographic
                  perspective},
  publisher    = {Kluwer Academic Publishers},
  series       = {The Kluwer International Series in Engineering and
                  Computer Science},
  year	       = 2002,
  volume       = 671,
  address      = {Boston, Massachusetts}
}

@Article{lovasz92,
  author       = {L{\'a}szl{\'o} Lov\'{a}sz and Herbert E. Scarf},
  title	       = {The generalized basis reduction algorithm},
  journal      = {Math. Oper. Res.},
  volume       = 17,
  number       = 3,
  year	       = 1992,
  issn	       = {0364-765X},
  pages	       = {751-764},
  publisher    = {INFORMS},
  address      = {Institute for Operations Research and the Management
                  Sciences (INFORMS), Linthicum, Maryland, USA}
}

@Article{mazo90:_lattic_point_high_dimen_spher,
  author       = {James E. Mazo and Andrew M. Odlyzko},
  title	       = {Lattice points in high-dimensional spheres},
  journal      = {Monatshefte f{\"u}r Mathematik},
  year	       = 1990,
  volume       = 110,
  number       = 1,
  pages	       = {47-61},
  month	       = {March}
}

@TechReport{emde81:_anoth_np,
  author       = {Peter van Emde Boas},
  title	       = {Another {NP}-complete problem and the complexity of
                  computing short vectors in a lattice},
  institution  = {University of Amsterdam},
  year	       = 1981,
  number       = {81-04}
}

@Article{peikert08:_limit_hardn_of_lattic_probl,
  author       = {Chris Peikert},
  title	       = {Limits on the Hardness of Lattice Problems in
                  $\ell_p$ Norms},
  journal      = {Computational Complexity},
  year	       = 2008,
  volume       = 17,
  number       = 2,
  pages	       = {300-351},
  month	       = {May},
  note	       = {Preliminary version in CCC 2007},
  prelimyear   = 2007
}

@InProceedings{DBLP:conf/stoc/PeikertR07,
  author       = {Chris Peikert and Alon Rosen},
  title	       = {Lattices that admit logarithmic worst-case to
                  average-case connection factors.},
  booktitle    = {STOC},
  year	       = 2007,
  pages	       = {478-487}
}

@InProceedings{DBLP:conf/stoc/HavivR07,
  author       = {Ishay Haviv and Oded Regev},
  title	       = {Tensor-based hardness of the shortest vector problem
                  to within almost polynomial factors},
  booktitle    = {STOC},
  year	       = 2007,
  pages	       = {469-477}
}

@Article{DBLP:journals/jcss/Papadimitriou94,
  author       = {Christos H. Papadimitriou},
  title	       = {On the Complexity of the Parity Argument and Other
                  Inefficient Proofs of Existence},
  journal      = {J. Comput. Syst. Sci.},
  volume       = 48,
  number       = 3,
  year	       = 1994,
  pages	       = {498-532}
}

@Misc{regev04:_lectur_notes_lattic_in_comput_scien,
  author       = {Oded Regev},
  title	       = {Lecture notes on lattices in computer science},
  year	       = 2004,
  note	       = {Available at
                  \url{http://www.cs.tau.ac.il/~odedr/teaching/lattices_fall_2004/index.html},
                  last accessed 28 Feb 2008}
}

@Book{cohen93:_cours_comput_algeb_number_theor,
  author =	 {Henri Cohen},
  title = 	 {A Course in Computational Algebraic Number Theory},
  publisher = 	 {Springer},
  year = 	 1993
}

@Misc{toussaint09:_lectur_notes,
  author       = {Marc Toussaint},
  title	       = {Lecture notes: Gaussian identities},
  year	       = 2009,
  note	       = {Available at
                  \url{http://user.cs.tu-berlin.de/~mtoussai/notes/gaussians.pdf},
                  last accessed 17 Feb 2010}
}

@Misc{vershynin11:_introd_to_non_asymp_analy,
  author       = {Roman Vershynin},
  title	       = {Introduction to the non-asymptotic analysis of
                  random matrices},
  month	       = {January},
  year	       = 2011,
  note	       = {Available at
                  \url{http://www-personal.umich.edu/~romanv/papers/non-asymptotic-rmt-plain.pdf},
                  last accessed 4 Feb 2011.}
}

@Misc{vershynin07:_lectur_notes_non_asymp_theor,
  author       = {Roman Vershynin},
  title	       = {Lecture notes on non-asymptotic theory of random
                  matrices},
  year	       = 2007,
  note	       = {Available at
                  \url{http://www-personal.umich.edu/~romanv/teaching/2006-07/280/},
                  last accessed 17 Feb 2010.}
}

@Misc{SteinOnlineBook,
  author       = {William Stein},
  title	       = {A Brief Introduction To Classical And Adelic
                  Algebraic Number Theory},
  year	       = 2004,
  note	       = {Available at
                  \url{http://modular.math.washington.edu/papers/ant/},
                  last accessed 12 Oct 2009}
}

@Misc{ConradDifferentIdeal,
  author       = {Keith Conrad},
  title	       = {The Different Ideal},
  year	       = 2009,
  note	       = {Available at
                  \url{http://www.math.uconn.edu/~kconrad/blurbs/},
                  last accessed 12 Oct 2009}
}

@Article{kshirsagar59:_bartl_decom_and_wishar_distr,
  author       = {A. M. Kshirsagar},
  title	       = {Bartlett Decomposition and {Wishart} Distribution},
  journal      = {The Annals of Mathematical Statistics},
  year	       = 1959,
  volume       = 30,
  number       = 1,
  pages	       = {239-241},
  month	       = {March},
  note	       = {Available at
                  \url{http://www.jstor.org/stable/2237140}}
}

@Article{erdos46:_coeff_of_cyclot_polyn,
  author       = {Paul Erd{\"o}s},
  title	       = {On the coefficients of the cyclotomic polynomial},
  journal      = {Bulletin of the American Mathematical Society},
  year	       = 1946,
  volume       = 52,
  number       = 2,
  pages	       = {179-184}
}

